2760 4144
141 232 234 280 Scene
246 222 277 296 3]
501 223 647 280 PLAUTI
675 223 836 280 CAPTIVI
1164 241 1195 297 31

261 374 399 435 Tandem
414 373 475 434 abii
489 375 527 434 ad
541 384 721 451 praetorem:
743 373 784 432 ibi
799 372 848 433 uix
862 373 1009 452 requieui:
1030 373 1100 434 ilico
1160 391 1198 431 mr

344 469 431 544 Rogo
447 468 660 545 syngraphum:
682 468 768 528 datrir
782 467 870 527 mihi:

344 560 423 620 Dedi
439 563 593 638 Tyndaro:
615 561 663 621 ille
677 561 750 621 abiit
764 562 897 622 domum.

304 658 405 715 Domo
420 653 490 715 inde
505 654 573 715 ilico
589 656 768 732 praeuortor,
785 666 944 733 postquam
959 655 990 715 id
1004 654 1141 716 ictumst.

141 753 188 811 Eo
203 748 338 829 protinus
352 750 392 810 ad
406 750 523 808 fratrem
539 749 617 822 inde,
634 748 686 808 ubi
701 749 760 808 mei
774 749 843 808 srint
857 748 905 808 alii
921 747 1045 826 captiui:

344 845 445 998 Rogo:
469 844 666 903 Philocratem
682 843 813 920 equitem
828 864 865 904 cx
878 827 966 903 Alide
1160 860 1198 900 sro

412 937 497 1015 cquis
513 936 669 996 hominum
684 936 820 996 nouerit?

140 1035 277 1093 Tandem
290 1031 339 1091 hic
350 1033 494 1092 exclamat
506 1050 574 1090 eum
587 1029 641 1089 sibi
654 1050 719 1090 esse
730 1031 877 1090 sodalem:
892 1030 961 1091 dico
972 1049 1037 1090 esse
1047 1031 1128 1108 apud
1139 1049 1195 1091 me.

142 1127 204 1186 Hic
219 1125 368 1203 e'xtemplo
382 1136 446 1185 orat
461 1125 656 1200 obsecratque
671 1143 740 1183 eum
756 1128 788 1182 rit
802 1124 889 1183 liceat
903 1122 1012 1183 uide're.

305 1218 382 1278 Iussi
396 1219 465 1278 iiico
479 1219 560 1277 hunc
575 1217 700 1277 exsolui:
722 1236 803 1277 nunc
817 1227 849 1275 tu
865 1215 988 1294 scquere
1002 1235 1058 1290 me,

141 1317 181 1373 Vt
196 1314 279 1390 quod
294 1332 342 1373 me
357 1312 477 1374 orauisti
492 1313 639 1391 impetres,
656 1331 725 1372 eum
740 1310 894 1370 hominem
909 1309 951 1371 uti
967 1309 1136 1372 conue'nias.
1160 1329 1197 1367 ars

543 1402 678 1486 [Exeunt
689 1407 749 1465 t‘tzlo
762 1405 854 1478 house,
869 1412 897 1464 to
910 1405 971 1465 look
975 1404 1031 1481 sor
1040 1406 1198 1482 *Iyndarvs

484 1656 572 1748 ACT'
598 1655 796 1714 III-Semta
819 1671 854 1712 111

141 1828 327 1900 Trrromrv's
343 1827 409 1885 who
427 1826 481 1885 kas
498 1826 658 1901 recognized
676 1827 953 1897 Amsrorsrorrrrrs
964 1821 1050 1899 sears
1067 1823 1133 1882 that
1152 1825 1197 1882 his

473 1920 566 1996 plans
580 1937 646 1994 may
659 1919 690 1977 be
703 1918 860 1977 discovered

141 2061 232 2120 Nunc
246 2049 321 2121 iliud
335 2069 379 2119 est
393 2077 486 2136 quom
502 2057 550 2118 mc
565 2056 655 2118 fuisse
669 2077 759 2135 quam
776 2045 840 2117 csse
855 2055 947 2117 nimio
963 2055 1116 2116 mauelim:

141 2154 232 2213 Nunc
246 2151 314 2231 sp6s
329 2171 401 2230 opes
415 2152 583 2228 auxiliaque
597 2171 615 2212 a
629 2171 678 2212 me
692 2152 846 2230 se'gregant
861 2155 1063 2229 spernantque
1077 2169 1118 2210 se.

142 2247 204 2307 Hic
219 2248 295 2306 illest
309 2247 373 2308 dies
388 2265 481 2323 quom
496 2247 577 2306 milla
591 2246 670 2306 uitae
685 2244 769 2305 meae‘
784 2247 862 2305 salus
878 2243 1055 2322 sperabilist:

141 2342 250 2418 Neque
261 2339 381 2401 e'xitium
394 2339 483 2400 exitio
495 2339 539 2400 e'st
553 2359 652 2418 neque
662 2339 740 2400 adeo
755 2340 823 2418 spcs
837 2359 914 2417 quae
929 2340 1010 2398 hunc
1022 2336 1063 2398 mi
1074 2337 1197 2416 aspella't

223 2447 343 2495 metum.

142 2625 208 2684 Nec
222 2623 422 2702 sycophantiis
437 2643 493 2683 nec
508 2623 582 2682 iucis
597 2624 691 2682 rillum
706 2623 880 2682 mantellum
895 2620 1051 2682 obuiamst.

141 2719 249 2794 Neque
263 2714 433 2794 de'precatiri
451 2716 582 2795 perfidiis
597 2718 671 2776 meis
686 2736 742 2777 nec
758 2716 919 2776 malefactis
934 2716 1037 2792 sugast.

141 2813 206 2870 Nec
221 2811 422 2871 confidentiae
437 2815 563 2888 isquam
578 2808 770 2888 hospitiumst
785 2812 840 2869 hcc
855 2809 1074 2870 deuorticuhim
1090 2808 1175 2870 dolis.

141 2905 254 2982 Ope'rta
267 2924 344 2982 quae
359 2903 439 2964 sucre
453 2915 555 2982 aperta
569 2909 651 2964 srint:
673 2913 776 2982 patent
790 2903 985 2981 praestrigiae.

141 2980 248 3059 Omnis
264 3018 309 3059 res
324 2998 450 3076 palimst
465 3018 521 3058 nec
535 2997 642 3058 latitat:
665 2997 763 3075 ne'que
777 2999 816 3058 de
830 2999 887 3057 hac
901 3017 932 3056 re
947 2996 1134 3074 negotiumst,
1161 3013 1197 3051 ars

141 3092 223 3168 Quin
240 3093 316 3152 male
332 3091 467 3152 occidam
483 3092 685 3170 oppetamque
702 3094 818 3170 pestem
833 3101 1019 3166 mortemque
1034 3089 1075 3150 tri
1089 3089 1194 3150 uicem.

142 3185 275 3246 Pe'rdidit
290 3206 338 3246 me
352 3187 581 3264 Aristophontes
597 3185 653 3259 hic,
670 3185 722 3262 qui
738 3184 815 3245 intro
830 3187 912 3245 uenit
928 3186 1035 3245 modo:

141 3263 172 3340 is
188 3299 235 3340 me
250 3280 348 3342 nouit:
370 3282 394 3340 is
407 3281 516 3341 sodalis
532 3279 691 3340 Philocrati
706 3291 735 3339 et
750 3278 893 3356 cognatus
908 3288 960 3338 est.

141 3374 248 3451 Ne'que
263 3375 322 3435 iam
337 3376 423 3436 Salus
437 3375 554 3435 seruare
568 3373 593 3435 si
608 3375 671 3434 uolt
686 3373 734 3434 ιηέ
749 3383 860 3451 potest:
883 3391 938 3432 nec
953 3370 1074 3449 copiast,

141 3469 206 3528 Nisi
222 3470 245 3528 si
261 3468 349 3528 nimis
364 3468 468 3529 scitam
482 3468 613 3545 siliquam
629 3469 719 3528 corde
735 3466 889 3527 machinor
903 3464 1048 3525 astritiam.
1160 3481 1198 3520 sao

140 3563 250 3639 Quam,
267 3564 397 3624 malum?
418 3563 491 3640 quid
508 3563 678 3622 michiner?
699 3561 774 3639 quid
788 3560 1005 3621 conminiscar?
1026 3558 1179 3618 maxumas

141 3661 251 3736 Nrigas‚
268 3657 391 3719 insidiis
406 3656 522 3735 ineptas
536 3656 691 3734 incipisso:
714 3677 770 3728 em,
784 3657 899 3715 hae'reo.
