2760 4144
136 272 193 320 Aot
206 273 245 320 1v
263 272 356 322 Scene
368 264 399 339 2]
494 267 641 322 PLAUTI
667 267 830 322 CAPTIVI

493 508 577 570 ACT
606 509 799 569 IV—Scuus
820 526 831 568 1

467 717 469 722 ·
575 682 753 742 Euorsmvs

137 801 272 881 Iuppiter
285 803 430 883 supreme,
447 824 546 866 seruas
561 803 610 866 me
624 825 766 883 measque
780 804 870 884 auges
884 823 970 884 opes:

4 965 6 982 ἰ
138 898 295 958 Maxumas
310 898 471 976 opimitatis
486 898 684 978 opiparasque
699 898 785 960 offers
800 899 886 959 mihi:

5 1001 6 1018 ³
45 1067 48 1073 Ι
138 991 272 1052 Laude'm
287 993 410 1067 lucrum,
426 994 531 1053 ludum
546 993 655 1066 iocum,
671 993 861 1054 sestiuitatem
876 991 970 1066 serias,
1154 1006 1192 1051 tto

138 1086 284 1164 Pompaim
298 1106 419 1164 penum,
435 1086 596 1165 potationis
610 1086 801 1160 situritatem
817 1087 967 1165 gaddium.

137 1181 203 1242 Nec
227 1181 389 1260 quoiquam
415 1181 530 1243 homini
552 1183 718 1262 supplicare
743 1187 824 1243 ruine
847 1192 988 1243 certumst
1011 1179 1085 1240 mihi
1108 1181 1191 1259 qudd

217 1275 341 1337 domist:

138 1369 217 1428 Nam
232 1369 280 1430 ue'l
294 1371 435 1448 prodesse
449 1371 547 1432 amico
561 1389 685 1449 possum
700 1369 748 1432 uel
764 1368 919 1431 inimicum
934 1368 1064 1448 perdere.

137 1445 184 1523 ita
199 1464 248 1524 hic
264 1483 311 1523 me
325 1464 505 1525 amoenita'rte
519 1484 647 1526 amoena
660 1463 805 1548 amoenus
819 1465 953 1525 onerauit
968 1464 1046 1525 dies:

136 1558 207 1618 Sine
221 1557 310 1618 sacris
323 1557 517 1619 hereditatem
532 1578 599 1619 sum
613 1559 701 1637 dptus
715 1559 956 1619 ecfertissumam.
1154 1569 1191 1616 ru

136 1652 228 1711 Nunc
240 1651 280 1712 dd
295 1672 397 1713 senem
412 1657 531 1713 cursdm
546 1668 700 1732 capessam
714 1654 795 1713 hunc
810 1651 990 1730 Hegionem,
1006 1651 1078 1730 quoi
1092 1649 1164 1712 boni

136 1746 267 1806 Tantum
278 1746 390 1821 a'dfero,
403 1759 548 1825 quantum
562 1748 627 1825 ipse
637 1766 656 1807 a
667 1745 744 1809 diuis
755 1747 838 1825 optat
852 1757 942 1824 atque
954 1746 1042 1807 etiam
1054 1744 1189 1824 amplius.

137 1839 228 1899 Nunc
242 1837 322 1900 certa
335 1859 380 1900 res
395 1850 447 1914 est,
464 1841 571 1902 eodem
586 1851 675 1918 pacto
689 1850 722 1900 ut
735 1839 844 1901 comici
859 1840 935 1899 serui
950 1840 1054 1912 solent,

136 1932 292 1994 Consciam
320 1933 351 1994 in
379 1935 491 1995 collum
518 1934 649 2012 pallium,
675 1934 773 2012 primo
800 1933 837 1994 dx
864 1934 934 1995 med
962 1934 1041 1994 hanc
1067 1952 1131 1993 rem
1158 1942 1191 1993 ut

216 2026 331 2087 audiat:

136 2120 289 2197 Speroque
303 2140 352 2182 me
367 2121 408 2181 ob
422 2122 502 2182 hune
517 2122 654 2182 mintium
669 2120 821 2182 aeternum
836 2122 1011 2199 adepturum
1027 2120 1137 2181 cibum.
1153 2133 1192 2180 uo

483 2335 567 2397 ACT
596 2335 789 2395 IV—Scsuu
818 2352 841 2394 11

497 2493 614 2551 Huoro.
658 2491 835 2552 Eucrsuvs

615 2640 712 2718 Hegio

137 2762 260 2837 Quanto
274 2763 305 2821 in
319 2772 439 2841 pectore
454 2763 532 2823 hdnc
546 2783 608 2824 rem
623 2764 693 2824 med
707 2762 801 2842 magis
815 2763 927 2837 uoluto,

136 2855 237 2916 Tanto
252 2854 293 2914 mi
307 2856 461 2934 aegritddo
474 2857 588 2918 auctior
601 2868 646 2917 est
660 2857 691 2916 in
705 2857 816 2917 dnimo.

136 2950 186 3009 Ad
199 2950 284 3010 sslum
299 2950 422 3011 modum
437 2949 579 3010 sublitum
593 2951 627 3012 ds
642 2969 707 3012 esse
722 2950 763 3011 mi
777 2949 882 3012 hodie!

258 3045 366 3120 Neque
380 3044 412 3105 td
425 3044 591 3123 perspicere
605 3043 697 3122 quiui.

137 3136 229 3214 Quod
244 3136 337 3216 quom
352 3135 483 3211 scibitdr,
498 3149 562 3198 tum
577 3157 629 3215 per
642 3137 748 3198 urbem
763 3135 927 3199 irridebor:
1154 3151 1192 3196 ru

137 3230 239 3306 Quom
254 3228 404 3309 extemplo
417 3231 457 3292 ad
470 3232 567 3292 forum
581 3230 742 3306 aduenem,
758 3232 864 3293 omnes
877 3228 1037 3308 loquentur

139 3324 218 3385 ‘Hic
232 3325 309 3386 sslest
322 3323 413 3386 senex
426 3326 541 3398 doctus,
558 3325 630 3404 quoi
644 3325 736 3386 uerba
750 3325 820 3386 data
833 3327 963 3386 sunt.'—

446 3414 605 3503 [Catching
614 3420 693 3498 sight
703 3419 741 3496 os
745 3419 911 3498 Ergasilvs,
924 3419 991 3480 who
1003 3419 1031 3478 is
1039 3418 1195 3495 gathering

521 3522 559 3591 up
575 3514 759 3591 hispallium

136 3607 197 3668 Sed
211 3589 362 3686 lirgasilus
376 3605 460 3668 dstne
474 3606 523 3667 hic
538 3608 642 3685 procdl
655 3626 747 3685 quem
761 3607 870 3669 uideo?

137 3700 284 3763 Conlecto
298 3700 449 3780 quidemst
463 3701 566 3776 pallio:
587 3701 733 3781 quidnam
746 3703 897 3764 acturust?
