2760 4144
136 273 228 318 Scene
239 263 271 335 3]
496 264 641 319 PLAUTI
669 265 771 319 CAPT
774 267 830 320 1V1

589 415 743 490 tyndaros

135 517 177 592 Vt
192 551 262 593 eum
277 530 402 593 redimat
416 530 446 592 et
460 529 589 592 remittat
604 532 737 594 nostrum
752 532 812 592 huc
825 532 983 594 ambonim
997 534 1103 596 uicem.

576 689 752 748 Philocrates

136 769 313 831 Meminem.

617 852 710 928 Hegio

336 973 377 1029 At
405 988 495 1046 quam
523 971 652 1048 primum
681 980 765 1048 pote:
801 969 877 1032 istuc
902 972 932 1032 in
958 991 1020 1032 rem
1045 972 1189 1051 utriquest

961 1065 1105 1127 mixume.

576 1146 750 1204 Philocrates

134 1266 206 1326 Non
221 1276 305 1326 tuom
319 1275 351 1325 tu
366 1262 458 1344 migis
473 1263 575 1325 uidere
589 1284 680 1342 quam
695 1267 744 1325 ssle
758 1284 843 1327 suom
858 1271 981 1345 gnatiim
996 1266 1085 1345 cupit

615 1423 708 1498 Hegio

134 1541 226 1603 Meus
240 1541 322 1616 mihi,
338 1561 408 1603 suos
422 1543 581 1620 quoiquest
595 1561 688 1602 carus.

574 1700 749 1760 Philocrates

709 1807 790 1868 Nim
806 1808 880 1885 quid
893 1808 974 1870 aliud
988 1810 1034 1870 uis
1048 1809 1123 1888 patri
1149 1827 1188 1869 ooo

133 1902 290 1963 Nintiari?

586 1984 740 2058 Tyndarvs

315 2105 368 2164 Me
382 2103 430 2162 hic
444 2104 495 2181 pol
509 2112 539 2163 et
554 2113 584 2162 te
598 2107 661 2162 nite
675 2104 818 2163 audacter
832 2101 933 2177 dleito,

131 2197 278 2276 Tyndare,
295 2195 370 2258 inter
384 2197 439 2258 n6s
454 2195 543 2256 fuisse
558 2194 679 2273 ingenio
693 2196 775 2257 haud
789 2197 989 2271 discordibili

132 2291 239 2369 Neque
253 2302 283 2353 te
297 2292 498 2351 conmeruisse
513 2291 633 2368 culpam
649 2289 746 2367 neque
761 2301 790 2351 te
803 2293 996 2353 aduorsatiim
1011 2292 1084 2353 mihi

132 2385 275 2464 Beneque
289 2405 340 2446 ero
354 2386 478 2464 gessisse
493 2402 607 2444 morem
622 2383 653 2443 in
668 2382 757 2444 tintis
771 2387 920 2447 aerumnis
934 2397 1044 2460 tamen,

131 2483 239 2558 Neque
255 2482 325 2541 med
340 2499 482 2556 umquam
497 2477 662 2540 deseruisse
677 2477 706 2538 te
721 2498 819 2556 neque
833 2477 923 2541 factis
932 2479 1031 2558 neque
1045 2482 1105 2542 fide
1149 2498 1187 2538 ios

131 2574 236 2636 Re'bus
251 2574 280 2634 in
296 2571 395 2635 dubiis
409 2570 519 2650 egenis.
565 2570 652 2632 Haec
667 2582 750 2650 pater
765 2574 886 2650 quand6
900 2575 982 2648 sciet,

129 2668 270 2747 Tyndare
284 2679 317 2727 ut
330 2668 419 2726 fueris
433 2667 580 2726 animatus
595 2665 663 2744 erga
677 2685 764 2726 suom
779 2678 900 2744 gnatum
915 2667 1006 2745 itque
1020 2688 1060 2742 se,

130 2763 305 2839 Ntimquam
320 2761 373 2821 erit
387 2770 449 2820 tam
462 2760 577 2834 autrus,
594 2760 696 2838 gratiis
710 2759 783 2838 quin
799 2771 828 2820 te
841 2760 957 2821 emitta't
972 2781 1069 2823 manu.

132 2842 171 2916 Et
185 2875 253 2916 mea
267 2875 364 2934 opera,
382 2853 406 2914 si
421 2855 491 2914 hinc
505 2854 609 2928 rebit0‚
626 2853 733 2914 ia'ciam
748 2863 780 2914 ut
795 2852 881 2914 saciat
895 2855 1018 2915 sicilius.

130 2951 211 3010 th
225 2961 277 3010 tua
290 2969 381 3027 opera
394 2960 424 3011 et
438 2947 578 3010 comitate
593 2958 623 3009 et
637 2949 745 3008 uirtute
760 2956 789 3008 et
804 2946 948 3025 sapientia
1149 2966 1188 3006 ⁴1⁰

130 3045 246 3118 Fecisti,
264 3055 296 3104 ut
311 3045 406 3105 redire
420 3043 507 3104 liceat
521 3043 561 3104 a'd
575 3041 705 3121 parentis
720 3041 835 3103 denuo:

130 3138 232 3214 Quom
247 3139 328 3215 apud
343 3138 424 3198 hunc
439 3135 593 3197 confe'ssus
607 3156 640 3197 es
654 3146 684 3197 et
698 3136 792 3214 ge'nus
806 3144 835 3196 et
849 3134 970 3196 diuitiis
984 3155 1078 3198 meas:

130 3231 201 3309 Qud
216 3243 303 3310 pacto
318 3231 453 3293 exemisti
468 3250 485 3291 e
500 3231 605 3290 uinclis
620 3234 704 3290 mom
720 3251 802 3291 erum
818 3241 869 3291 tua
882 3229 1035 3308 sapientia.

571 3392 748 3452 Philocrates

128 3515 199 3580 Feci
213 3535 270 3594 ego
284 3515 340 3577 ista
354 3524 388 3575 ut
402 3512 609 3574 conme'moras
624 3523 654 3573 et
671 3522 701 3572 te
716 3510 885 3572 meminisse
901 3509 933 3572 id
946 3511 1088 3588 gratimst
1104 3510 1184 3570 mihi.

127 3611 189 3674 Sed
203 3609 309 3671 merito
324 3607 378 3670 tibi
393 3628 429 3668 ea
442 3610 607 3668 euenerunt
620 3605 639 3666 oi
653 3625 716 3665 me:
737 3624 806 3664 nam
822 3622 910 3676 nunc,
928 3605 1117 3676 Philocrates,
1149 3620 1186 3659 41⁵

127 3708 159 3768 Si
173 3705 320 3850 ego‹item)
332 3704 496 3764 memorem
511 3720 589 3779 quae
605 3720 652 3760 me
668 3719 736 3776 erga
750 3699 843 3757 miilta
856 3696 952 3757 fecisti
967 3697 1052 3768 bene,
1064 3783 1085 3826 1>

243 3799 305 3840 1814
