2760 4144
194 280 229 334 4²
543 261 701 320 ⁴PLAUTI
728 261 890 316 CAPTIVI
1127 259 1198 332 [Act
1210 267 1250 314 111

653 437 806 510 Tyndarvs

196 561 266 620 Non
282 559 449 620 occatorem
464 558 563 619 dicere
577 559 710 619 audebas
725 559 824 637 prius?

196 654 275 714 Nam
290 655 407 731 semper
421 663 528 712 occant
542 653 622 730 prius
637 671 727 730 quam
743 651 855 714 sariunt
869 651 977 712 rustici.

676 811 757 886 Hegi

196 935 237 994 At
251 943 284 994 ut
298 932 386 994 etiam
402 931 588 995 confide'nter
602 932 676 993 mihi
690 945 794 994 contra
807 933 933 995 a'dstitit!

651 1093 805 1168 Tyndarus

197 1216 293 1276 Decet
307 1216 497 1275 innocentem
513 1213 631 1275 se'ruom
646 1225 736 1293 atque
750 1214 903 1276 innoxium

197 1309 407 1370 Confidentem
423 1327 488 1369 esse
503 1328 589 1370 suom
604 1308 685 1387 apud
699 1329 782 1370 erum
797 1311 1003 1387 potissumum.

676 1467 771 1543 Hegio

196 1589 380 1668 Adstringite
395 1588 443 1650 isti
457 1590 541 1651 sultis
555 1588 749 1651 uehementer
763 1609 878 1650 manus.

655 1749 809 1824 Tyndarvs

197 1870 280 1931 Tuos
295 1890 375 1930 sum:
397 1881 429 1930 tu
444 1871 497 1930 has
511 1868 633 1948 quide'm
649 1872 698 1931 uel
712 1837 844 1948 praecidi
858 1870 936 1932 iube.

197 1967 257 2027 Sed
271 1967 344 2043 quId
359 1965 503 2043 negotist?
524 1984 613 2043 quam
630 1965 670 2025 ob
684 1984 747 2026 rem
762 1965 917 2027 suscenses
932 1963 1024 2025 mihi?

677 2124 773 2200 Hegio

198 2246 277 2322 Quia
292 2244 340 2307 me
355 2264 513 2324 meamque
527 2244 597 2319 rem,
613 2246 697 2324 quod
712 2246 742 2307 in
757 2256 787 2308 te
801 2247 863 2307 uno
877 2246 939 2318 fuit,

197 2340 271 2400 Tuts
286 2340 417 2401 scelestis
432 2339 571 2401 falsidicis
586 2339 709 2401 fallaciis

199 2432 411 2494 Delacerauisti
425 2433 676 2512 detrtuauisttque
691 2453 772 2512 opes,

198 2525 361 2587 Confecisti
376 2526 473 2587 omnis
487 2525 533 2586 res
548 2544 583 2585 ac
597 2525 725 2588 rationes
741 2546 829 2587 meas.

198 2622 245 2680 Ita
259 2618 300 2678 mi
315 2619 448 2680 exemisti
465 2620 662 2680 Philocratem
678 2618 808 2680 fallaciis.

198 2715 287 2774 Illum
302 2711 367 2774 e'sse
381 2733 499 2775 seruom
514 2712 636 2789 credidi,
652 2724 681 2774 te
696 2715 837 2775 ltbemm:

199 2810 246 2868 Ita
259 2808 377 2868 uosmet
391 2807 514 2869 aiebtttis
529 2807 630 2886 itaque
644 2807 767 2869 nomina

199 2901 280 2964 Inter
294 2921 349 2962 uos
363 2902 559 2981 permutestis.

654 2997 809 3073 Boudoros

582 3121 688 3180 Fateor
703 3117 805 3181 omnia

200 3216 289 3273 Facta
302 3212 367 3274 esse
382 3212 423 3274 ita
437 3225 469 3274 ut
484 3224 516 3276 tu
530 3211 605 3275 dicis
620 3225 649 3275 et
663 3212 785 3275 fallaciis

198 3307 316 3367 Abiisse
331 3327 400 3368 eum
416 3307 470 3368 abs
485 3318 514 3369 te
529 3307 596 3368 me'a
610 3327 700 3385 opera
713 3319 803 3386 atque
817 3305 937 3369 astutia:

198 3403 255 3475 An,
272 3401 397 3462 obsecro
411 3402 510 3463 hercle
524 3412 561 3474 te,
578 3403 609 3463 m
624 3421 704 3460 nunc
718 3401 872 3462 suscenses
888 3400 979 3461 mihi?

677 3558 772 3635 Hegro

199 3684 239 3742 At
254 3687 322 3742 cum
339 3681 468 3742 cruciatu
486 3680 624 3741 maxumo
639 3680 670 3742 id
685 3682 823 3741 factumst
837 3690 898 3741 tuo.
