2760 4144
193 305 228 375 48
556 303 701 358 rmum
729 303 889 358 cnrmvr
989 301 1111 372 [norm
1129 308 1250 355 coenon

465 452 621 528 Ergasilvs
636 450 699 530 (not
704 459 755 528 yet
766 453 860 528 seer'ng
872 449 977 527 Hegio)

195 559 289 618 Moue
303 557 356 635 ips
371 568 400 617 te
416 558 528 618 morim
545 575 656 618 moram
672 568 769 635 atque,
787 540 926 635 Ergasile
943 575 997 632 age
1012 555 1090 616 hinc
1104 574 1174 616 rem.
1212 569 1250 614 rm

194 634 319 712 Eminor
334 650 573 728 interminorque,
591 649 628 710 ne
643 651 710 728 quis
725 651 766 710 mi
781 650 879 711 obstet
894 649 1023 722 obuiam,

195 744 260 804 Nisi
276 744 326 822 qui
342 745 411 804 satis
426 745 478 805 diu
493 744 600 805 uixisse
614 742 679 804 sese
696 746 788 806 homo
803 743 1002 804 arbitribitur:

195 837 274 898 Nim
290 838 341 915 qui
357 837 509 912 obstiterit,
527 838 577 900 ore
592 837 682 900 sistet.

616 975 709 1052 Hegio
725 972 827 1052 (ostile)

709 1081 770 1141 Hic
784 1082 876 1141 homo
890 1081 1053 1159 pugilatum
1068 1079 1179 1158 incipit.

648 1217 804 1293 Ergasilvs

196 1323 304 1384 Ficere
319 1333 468 1384 certumst.
512 1322 642 1383 Proinde
656 1322 696 1382 ita
710 1342 815 1382 omnes
830 1321 933 1382 itinera
948 1321 1083 1382 insistint
1098 1341 1158 1395 sua,

196 1418 243 1478 Ne
258 1419 324 1496 quis
339 1417 369 1476 in
384 1419 462 1477 hanc
476 1417 604 1495 platerim
620 1415 719 1494 negoti
734 1417 865 1476 conferat
880 1415 1040 1494 quicquirm
1055 1415 1114 1476 sui:
1213 1431 1250 1472 ns

196 1512 276 1571 Nim
292 1511 363 1571 mihi
378 1513 436 1571 hoc
451 1511 566 1570 ballista
580 1521 749 1588 pugnumst‚
766 1509 883 1571 cubitus
897 1511 1074 1588 catapultist
1089 1509 1169 1582 mihi,
1240 1543 1246 1552 ·

195 1593 323 1666 Vmerus
337 1604 424 1664 aries:
446 1609 510 1664 tum
524 1605 657 1682 gennad
672 1623 761 1681 quem
776 1604 921 1676 adiecero
938 1603 976 1664 ad
994 1603 1100 1663 terrim
1116 1603 1203 1664 dabo.

198 1697 371 1776 Dentilegos
385 1699 482 1758 omnis
498 1696 629 1758 mortalis
640 1697 755 1772 ficiam,
772 1715 922 1776 quemque
937 1695 1097 1758 offendero.

617 1831 712 1914 Hegio
727 1823 826 1916 (aridi)

197 1943 283 2020 Quae
298 1943 383 2004 illaec
396 1942 566 2004 eminitiost
582 1945 669 2028 nam?
690 1943 920 2039 nequeomirari
935 1943 1012 2004 satis.

649 2082 806 2158 Ergasilvs

132 2185 135 2190 ’
197 2188 316 2248 Ficiam
331 2199 364 2249 ut
378 2188 465 2248 huius
481 2188 540 2248 diei
555 2187 672 2265 locique
688 2188 806 2265 meique
820 2207 937 2265 semper
952 2184 1126 2258 meminerit,
1214 2202 1251 2242 mo

198 2283 259 2358 Qui
274 2283 315 2342 mi
329 2282 359 2341 in
375 2301 462 2343 cursu
477 2281 622 2360 opstiterit
636 2283 703 2342 faxo
718 2283 796 2343 uitae
811 2281 835 2341 is
850 2281 995 2358 opstiterit
1009 2299 1087 2342 suae.

618 2424 711 2498 Hegro
726 2421 829 2502 (aselle)

198 2530 280 2605 Quid
294 2528 343 2590 hic
358 2530 450 2590 homo
465 2539 580 2589 tantum
595 2527 738 2607 incipissit
754 2529 849 2588 ficere
864 2547 933 2589 cum
949 2529 1037 2589 tantis
1053 2526 1158 2587 minis?

648 2666 805 2741 Ergasilus

198 2773 282 2833 Prius
298 2771 385 2834 edico
400 2770 437 2832 ne
452 2771 518 2850 quis
532 2783 652 2850 propter
667 2773 785 2850 culpam
801 2769 933 2849 capiatur
948 2790 1045 2831 suam:

198 2867 359 2930 Continete
374 2859 428 2926 u6s
443 2865 534 2938 domi,
550 2865 707 2944 prohibite
720 2885 739 2926 a
753 2865 839 2925 uobis
854 2867 917 2925 uim
932 2883 1038 2926 meam.

618 3007 712 3084 Hegio
727 3003 831 3086 (aride)

198 3115 276 3176 Mira
289 3113 398 3191 edepol
412 3122 481 3173 sunt
495 3113 526 3172 ni
540 3112 589 3173 hic
604 3113 633 3171 in
649 3123 782 3173 uentrem
798 3111 923 3189 sumpsit
938 3108 1158 3171 confidentiam.
1215 3127 1252 3168 sot

145 3279 153 3288 U
197 3207 261 3270 Vae
276 3207 384 3268 misero
399 3205 440 3266 illi
455 3205 563 3284 quoius
578 3207 646 3268 cibo
661 3206 716 3267 iste
733 3207 841 3267 fictust
855 3204 1048 3284 imperiosior.

649 3344 808 3420 Ergasilvs

197 3451 277 3511 Tum
292 3448 416 3528 pistores
432 3448 601 3528 scrofipasci
616 3450 667 3527 qui
681 3448 764 3508 alunt
778 3447 937 3508 furfuribus
952 3466 1028 3522 sues,

199 3544 331 3619 Quirum
348 3545 440 3605 odore
454 3543 611 3622 prae'terire
625 3540 715 3602 nemo
729 3535 898 3623 pilistrinum
913 3552 1019 3618 potest,
1137 3596 1143 3608 ,

199 3640 311 3699 Eorum
327 3637 351 3698 si
365 3657 421 3716 ego
436 3639 634 3716 quoiusquam
650 3635 775 3696 scrofam
791 3635 820 3693 in
835 3633 956 3712 publico
971 3633 1160 3712 conspexero,

197 3717 243 3794 Ex
258 3733 328 3812 ipsis
343 3732 472 3793 dominis
487 3731 560 3793 meis
575 3729 681 3811 pugnis
696 3727 858 3790 exculcabo
873 3728 1004 3789 furfures.
1215 3748 1252 3788 ero
