2776 4112
195 253 230 308 68
558 254 704 308 PLAUTI
732 253 893 310 CAPTlVl
1004 253 1109 327 [Aotv
1128 265 1249 312 scanne

651 403 806 477 Tyndarvs

193 491 237 567 eit
255 526 311 586 ego
332 508 413 567 hunc
433 507 551 586 grandis
570 508 712 586 grendem
731 519 802 570 natu
822 509 862 570 ob
882 510 992 570 furtum
1010 511 1050 570 ad
1069 509 1248 571 carnuficem

277 601 365 662 dabo

636 683 812 744 Philocrates

198 761 322 826 Meritus
337 774 381 824 est
396 762 464 842 erge
478 774 515 824 te.

652 847 806 922 tyndarvs

540 952 619 1030 Ergo
633 952 741 1030 edepol
756 950 890 1012 meritam
905 951 1072 1013 mercedem
1087 953 1175 1015 dabo.
1201 969 1250 1011 roeo

197 1043 256 1106 Sed
270 1043 328 1118 dic,
343 1063 404 1117 oro,
420 1043 503 1124 peter
517 1064 602 1106 meus
616 1046 689 1105 mihi
703 1046 756 1105 tun
770 1047 820 1106 es?

677 1191 771 1267 Hegio

845 1273 910 1350 Ego
924 1291 998 1347 surn,
1014 1272 1103 1351 gnete
1118 1273 1167 1334 mi.

654 1408 807 1485 nudatas

197 1514 287 1574 Nunc
301 1514 423 1575 demum
438 1514 469 1573 in
484 1513 657 1575 memeriam
672 1516 769 1589 redeo,
786 1515 878 1592 quum
893 1534 1012 1576 mecum
1030 1514 1167 1593 recugit0,

197 1609 287 1669 Nunc
301 1609 409 1687 edepol
424 1609 546 1670 demum
562 1609 593 1668 ln
608 1608 782 1670 memoriam
797 1608 946 1687 regredior
959 1609 1076 1670 audisse
1091 1629 1147 1682 me,

197 1701 291 1780 Quesi
306 1721 358 1780 per
372 1702 521 1776 nebulam,
538 1702 708 1782 Hegionem
724 1707 824 1764 meum
839 1713 953 1782 patrem
968 1703 1106 1764 uocerier.

677 1849 771 1925 Hegio

198 1911 228 1988 is
243 1947 299 2007 ego
313 1948 387 1989 sum.

637 2009 814 2069 Philocrates

421 2114 617 2194 Conpedibus
631 2134 744 2193 quaeso
758 2128 790 2177 ut
805 2116 858 2176 tlbi
874 2116 910 2177 sit
925 2115 1018 2176 leuior
1033 2115 1110 2176 ulius
1203 2132 1252 2173 roas

196 2195 298 2289 Atque
312 2209 361 2271 hic
375 2209 491 2288 grauior
504 2209 613 2271 seruos.

677 2293 774 2366 Hegio

662 2397 814 2458 Certumst
828 2395 973 2475 principio
988 2396 1020 2456 id
1033 2394 1218 2474 praeuenier.

199 2491 311 2553 Eemus
326 2492 411 2566 intro,
428 2501 461 2551 ut
475 2490 638 2552 ercessatur
654 2491 743 2566 leber,
760 2502 793 2553 ut
807 2490 877 2552 istas
891 2490 1036 2569 cunpadis

198 2585 268 2646 lei
281 2586 421 2658 adimam,
437 2585 507 2645 huic
520 2584 599 2646 dem.

643 2665 808 2742 Stalagmvs

623 2772 704 2847 Quol
718 2771 816 2850 peculi
831 2770 904 2830 nlhil
919 2779 972 2843 est,
988 2778 1067 2830 recte
1082 2766 1192 2828 seceris.

663 2917 790 2978 Caterva

199 3024 385 3104 spectatores
399 3024 438 3085 ed
452 3024 579 3103 pudicos
593 3024 691 3085 mures
705 3025 782 3084 iacta
797 3025 872 3084 haec
886 3023 1021 3096 fa'bulast,

199 3118 307 3196 Neque
322 3119 352 3178 in
367 3120 423 3179 hac
437 3117 661 3196 subigitationes
676 3124 744 3178 sunt
759 3136 857 3197 neque
871 3118 932 3179 ulla
945 3115 1055 3178 ametio
1204 3130 1254 3170 roso

200 3211 266 3274 Nec
280 3212 363 3292 pueri
378 3211 542 3291 suppositio
556 3231 613 3273 nec
627 3211 739 3290 argenti
754 3209 977 3285 circumductio,

200 3306 307 3384 Neque
318 3306 370 3368 ubi
381 3326 484 3369 amans
496 3305 671 3368 adulescens
682 3316 813 3367 scortum
825 3305 929 3366 liberet
940 3306 1017 3366 clam
1029 3302 1114 3364 suurn
1129 3311 1250 3381 patrem.

201 3402 301 3463 Hulus
316 3401 400 3464 modi
413 3399 522 3480 paucus
537 3411 643 3479 poetae
657 3398 806 3478 reperiunt
820 3397 1001 3472 comoedias,

199 3482 260 3556 ubi
275 3495 347 3557 boni
361 3496 497 3557 meliures
512 3495 592 3556 fiant.
629 3495 720 3555 Nunc
734 3511 797 3565 uos,
813 3493 838 3553 si
852 3491 940 3553 uobis
955 3492 1059 3570 placet,

200 3573 239 3650 ut
253 3590 278 3650 si
292 3589 457 3669 placuimus
471 3607 569 3666 neque
583 3587 655 3648 odio
669 3585 786 3659 suimus,
803 3585 920 3663 signum
935 3586 994 3646 hoc
1009 3582 1124 3656 mittite,
1205 3597 1254 3638 ross

200 3683 261 3759 Qul
275 3683 435 3763 pudicitiae
450 3681 513 3743 esse
528 3680 617 3743 uoltis
630 3679 804 3759 praemium,
819 3680 956 3758 plausum
970 3679 1047 3740 date.
