2776 4112
161 325 253 372 soene
267 314 297 388 1]
519 316 664 372 PLAUTI
692 317 853 372 CAPTlVl
1182 321 1214 372 61

323 464 410 539 Quae
424 465 496 524 dum
511 476 541 525 te
556 464 716 526 care'ndum
732 465 781 525 hie
795 467 849 526 fuit
864 464 1075 540 sustentabam
1179 483 1217 522 aas

324 558 486 636 Quomque
501 560 581 619 hunc
596 559 753 638 conspicor
767 560 798 619 in
813 559 959 638 potestate
974 571 1074 620 nostra

324 652 486 729 Quomque
500 652 574 712 hae'c
589 673 619 713 re
634 652 775 730 repertast
790 652 864 714 iide's
879 656 963 714 firma
978 655 1073 715 nobis.

583 802 796 878 Philopolemvs

161 920 237 982 Sitis
252 919 311 981 iarn
326 919 409 981 dolui
424 940 460 981 ex
473 920 583 994 inimo,
597 920 666 981 satis
679 941 727 982 me
741 932 770 983 et
785 926 856 981 cura
866 932 896 982 et
910 923 1047 982 lacrumis
1059 922 1214 996 miceraui,

161 1015 237 1076 Sitis
249 1014 307 1074 iarn
318 1013 422 1076 audiui
433 1020 498 1076 trias
509 1035 665 1076 aerumnas
677 1015 717 1078 a'd
731 1026 849 1094 portum
862 1016 934 1075 mihi
949 1016 1022 1095 quis
1034 1017 1216 1077 memorasti:

162 1110 233 1170 Hoc
246 1128 376 1187 agamus.

603 1192 780 1252 Philocrates

412 1310 495 1386 Quid
511 1330 598 1383 nunc,
616 1311 758 1389 quoniam
773 1309 872 1372 tecum
888 1311 1004 1372 seruaui
1019 1311 1110 1372 fidem
1180 1328 1218 1368 oto

161 1403 290 1481 Tibique
304 1404 385 1464 hunc
399 1405 540 1464 reducem
556 1404 586 1464 in
601 1404 768 1466 libertatem
783 1405 858 1464 feci?

644 1554 737 1629 Hegio
748 1551 752 1560 ’

884 1633 992 1695 Fecisti
1008 1639 1039 1694 rit
1054 1633 1116 1709 tibi,

161 1727 352 1798 Philocrates
369 1727 534 1803 numquim
550 1728 655 1788 referre
669 1727 793 1804 gritiam
807 1729 920 1807 possIm
935 1729 1013 1801 satis,

162 1819 291 1879 Proinde
306 1831 338 1880 ut
353 1831 385 1880 tu
400 1819 585 1898 promeritu's
600 1822 638 1882 de
654 1841 701 1881 me
717 1833 745 1881 ct
760 1822 822 1881 filio
838 1841 915 1883 meo.

585 1971 796 2046 Philopolemvs

930 2050 1030 2111 Immo
1044 2062 1138 2129 potes,

161 2142 256 2218 Pater,
272 2154 301 2203 et
316 2153 417 2221 petere
430 2162 448 2203 a
462 2142 491 2204 td
506 2163 562 2221 ego
573 2154 677 2222 potero
692 2155 721 2204 et
736 2145 767 2206 di
781 2163 848 2204 earn
863 2147 1041 2222 potestatem
1056 2144 1179 2218 dabunt,

160 2221 202 2297 Vt
217 2236 395 2298 beneficium
412 2235 488 2297 bene
504 2237 628 2298 merenti
643 2239 744 2298 nostro
760 2238 865 2298 merito
880 2242 1031 2298 muneres:
1182 2255 1219 2295 oss

162 2332 210 2392 Sic
224 2341 258 2392 tu
272 2351 332 2392 una
345 2331 415 2392 huic
430 2331 523 2410 potes,
540 2342 623 2410 pater
637 2332 686 2406 mi,
702 2331 799 2392 iacere
814 2332 919 2392 merito
934 2331 1080 2392 minume.

642 2483 738 2560 Hegio

163 2600 245 2676 Quid
260 2611 348 2679 opust
363 2599 480 2662 uerbis?
500 2601 601 2679 lingua
615 2602 722 2662 nullast
737 2601 797 2680 qud
812 2620 919 2680 negem
933 2601 1081 2680 quidquid
1095 2622 1187 2682 roges.

603 2750 781 2810 Philocrates

163 2869 285 2930 Postulo
296 2869 350 2929 abs
365 2878 394 2929 te
409 2879 441 2928 ut
457 2867 498 2928 mi
513 2870 596 2929 illum
611 2870 717 2930 reddas
732 2868 859 2942 scruom,
873 2889 964 2948 quern
979 2870 1028 2931 hic
1043 2872 1218 2950 reliqueram

162 2964 273 3040 Pignus
287 2982 341 3041 pro
356 2982 413 3036 me,
430 2964 482 3040 qui
497 2963 571 3022 mihi
585 2962 689 3024 melior
703 2962 794 3042 qua'tm
809 2962 866 3024 sibi
881 2963 998 3042 semper
1012 2966 1075 3040 suit,

162 3056 221 3118 Pro
235 3056 398 3118 benefactis
412 3057 476 3118 eius
491 3056 534 3117 uti
549 3056 576 3118 ei
590 3056 716 3136 pretium
731 3057 843 3136 possim
858 3058 990 3120 reddere
1182 3076 1220 3118 oto

643 3209 738 3283 Hegio

162 3325 255 3420 Quod
269 3311 350 3386 bene¹
362 3325 464 3399 iecisti,
481 3327 621 3387 referetur
634 3327 727 3405 gratia
740 3327 772 3387 id
786 3328 869 3405 quod
884 3328 1029 3406 postulas:

162 3421 201 3478 Et
215 3419 247 3481 id
261 3429 292 3481 et
305 3419 386 3481 aliud
402 3421 485 3499 quod
500 3441 548 3482 me
563 3420 661 3481 orabis
675 3422 860 3498 impetrabis:
882 3421 972 3500 atque
986 3433 1016 3483 te

163 3513 265 3574 Nolim
280 3514 453 3576 suscensere
466 3517 550 3594 quod
564 3535 621 3594 ego
636 3515 726 3576 iratus
740 3516 767 3576 ei
782 3517 840 3576 ieci
854 3517 939 3577 male

604 3666 782 3726 Philocrates

162 3743 244 3818 Quid
259 3744 373 3806 iecisti?
