2760 4144
191 319 224 370 2⁶
552 314 698 368 PLrtUTI
725 281 886 367 cnomvr
1134 310 1205 383 [Aa
1217 320 1243 365 11

191 463 260 522 Nex
273 461 353 523 diem
368 461 492 523 adimat:
515 461 584 521 na'm
600 461 623 521 si
639 481 740 521 seruos
755 461 843 534 e'sses,
860 460 953 520 nihilo
969 459 1067 533 setius,

190 539 256 629 Ere,
273 555 345 615 mihi
360 554 557 633 obsequidsus
572 575 688 633 semper
702 555 789 615 fuisti.

610 707 705 781 Hegio
720 704 821 782 (oside)

816 823 855 883 Di
871 823 1001 884 uostrem
1017 824 1116 896 fidem,

191 917 358 978 Heminum
375 917 527 997 ingenium
542 918 676 978 liberale!
698 928 730 978 ut
745 917 890 978 laterumas
905 917 1057 979 excutiunt
1072 918 1157 978 mihi!

189 1013 300 1072 Videas
315 1013 405 1074 corde
419 1012 518 1072 amere
532 1012 608 1072 inter
622 1032 666 1072 se:
688 1011 807 1089 quentis
822 1009 959 1072 laudibus
1205 1031 1243 1069 roo

189 1106 281 1166 Stiom
298 1125 381 1167 erum
396 1125 498 1167 seruos
512 1105 712 1168 cenlaudauit.
745 1186 747 1190 Ι

629 1256 804 1316 Philocrates

254 1422 258 1432 .
711 1374 765 1436 Pel
780 1373 845 1436 istic
859 1393 908 1436 me
922 1375 1003 1436 haud
1018 1373 1242 1436 centensumam

190 1470 308 1532 Pertem
322 1471 423 1532 laudat
437 1490 528 1549 quarn
542 1473 606 1551 lpse
620 1470 754 1531 meritust
768 1470 800 1530 rit
814 1471 951 1532 laudetur
964 1470 1110 1531 laudibus

670 1619 764 1695 Hegio

189 1723 269 1818 lirgo
283 1758 375 1817 quom
391 1737 514 1817 optume
529 1738 631 1812 fecisti,
648 1740 728 1799 minc
742 1739 827 1800 adest
841 1737 960 1827 occisio

189 1833 350 1894 Benefacta
363 1833 522 1908 cumulem,
539 1845 572 1894 ut
586 1853 654 1911 erga
668 1834 749 1894 hunc
762 1833 826 1894 rem
840 1852 923 1911 geras
938 1831 1071 1894 fideliter.

631 1982 805 2043 Philocrates

190 2103 288 2184 Megis
302 2123 364 2165 non
378 2104 489 2165 factum
508 2102 629 2181 pessum
644 2105 722 2164 uelle
737 2123 827 2181 quam
843 2103 933 2183 dpera
947 2101 1079 2181 experiar
1092 2101 1242 2182 persequi:
1288 2165 1296 2172 ,

190 2183 228 2260 id
243 2210 275 2259 ut
289 2199 364 2260 scias
380 2199 485 2260 Iouem
501 2218 670 2276 supremum
687 2197 793 2259 testem
809 2199 907 2272 laudo,
925 2197 1033 2277 Hegi0,
1206 2215 1244 2254 rao

190 2295 243 2354 Me
257 2294 408 2356 infidelem
424 2292 485 2355 n6n
501 2293 631 2354 futurum
647 2292 814 2354 Philocrati.

670 2444 764 2518 Hegio
1123 2505 1126 2512 .

837 2537 952 2597 Probus
967 2535 999 2597 es
1013 2537 1113 2597 homo.

630 2667 806 2728 Philocrates

190 2788 255 2851 Nec
277 2808 326 2850 me
347 2807 432 2850 secus
453 2807 596 2866 umquam
619 2788 647 2849 er'
672 2790 818 2848 facturum
840 2790 1000 2866 quicquam
1022 2807 1111 2865 quam
1135 2787 1245 2848 meme't

271 2882 352 2943 mihi.

644 2965 798 3041 Tyndarvs

191 3067 288 3146 istaec
302 3083 383 3147 dicta
396 3093 448 3145 tua
462 3081 585 3162 experiri
599 3102 631 3144 re
645 3082 674 3144 et
689 3102 779 3162 opera
793 3093 824 3143 et
838 3080 922 3142 factis
936 3083 1015 3156 uolo,

190 3162 230 3240 lit
243 3199 305 3258 quo
320 3177 418 3239 minus
433 3176 493 3239 dixl
507 3196 597 3255 quam
612 3176 694 3238 uolui
709 3177 747 3238 de'
762 3187 792 3237 te
805 3176 938 3237 animum
953 3176 1092 3237 aduortes
1107 3177 1185 3238 uolo.
1209 3194 1248 3234 rso

190 3259 290 3351 Atque
305 3274 419 3334 horunc
434 3272 593 3332 uerbdrum
609 3291 698 3332 causa
712 3271 785 3332 ceue
800 3282 831 3332 tu
847 3271 887 3331 mi
903 3271 992 3332 iratus
1007 3272 1078 3331 fuas.

190 3366 258 3442 Sed,
275 3378 305 3428 te
319 3385 439 3445 quaeso,
455 3365 585 3444 cegitato
600 3365 670 3425 hinc
684 3365 751 3426 mee
765 3366 825 3427 fide
840 3365 918 3426 mitti
932 3366 1057 3426 domum

190 3465 236 3525 Te
250 3462 447 3524 aestumatum
463 3471 492 3521 et
508 3459 604 3522 meam
619 3479 685 3521 esse
699 3458 790 3520 uitam
807 3458 855 3520 hic
869 3457 923 3538 pre
937 3468 967 3519 te
982 3459 1108 3537 positam
1124 3458 1246 3537 pigneri,

192 3556 239 3619 Ne
254 3568 285 3618 tu
302 3576 351 3617 me
366 3554 489 3635 ignores,
502 3574 593 3634 quom
610 3555 759 3631 extemplo
771 3572 839 3614 meo
854 3556 870 3614 e
885 3563 1048 3631 conspectu
1060 3551 1246 3627 abscesseris,

193 3652 294 3730 Quem
309 3671 357 3713 me
372 3670 490 3712 seruom
505 3650 535 3710 in
551 3648 691 3711 seruitute
705 3647 758 3726 pre
773 3649 824 3708 ted
839 3647 888 3707 hic
902 3647 1054 3725 reliqueris
1210 3665 1250 3705 rso

193 3749 301 3828 Trique
314 3758 343 3808 te
357 3765 411 3825 pro
425 3745 519 3806 libero
533 3763 599 3804 esse
613 3744 714 3814 ducas,
732 3741 837 3820 pignus
852 3740 979 3815 deseras,
