2760 4144
148 319 241 365 soene
252 309 283 381 3]
506 313 652 375 PLAUTI
680 312 842 365 CAPTIVI
1171 324 1204 379 27

149 458 256 535 Ne'que
271 460 326 519 des
340 477 461 537 operam
477 459 531 536 pro
546 478 595 518 me
610 469 643 519 ut
657 459 744 519 huius
760 460 899 519 re'ducem
915 458 1005 518 facias
1020 458 1121 519 fllium.

148 555 230 614 Scito
244 564 274 613 te
288 551 359 612 hinc
374 553 462 613 minis
478 551 582 630 uiginti
596 551 794 613 aestumatum
810 552 925 612 mittier.

149 648 208 707 ic
224 646 319 707 fidelis
334 648 373 707 sls
388 647 477 720 fideli,
494 647 568 707 chue
583 648 674 707 fidem
689 647 798 706 fluth
809 648 891 719 feras,

149 741 227 800 Nem
243 753 326 819 pater
341 740 403 801 scio
419 741 506 801 flciet
520 761 597 818 quae
613 741 693 801 illum
710 741 806 801 [heere
820 751 937 818 oportet
952 739 1060 800 6mnia.
1168 758 1205 797 440

148 834 240 896 Se'rua
255 835 309 895 tibi
323 833 354 895 in
369 834 545 913 perpetuom
557 834 687 894 amicum
699 854 747 894 me
758 835 848 912 etque
863 835 942 894 hunc
958 834 1082 896 inuentu
1093 834 1202 896 inueni.

150 931 237 989 Haec
251 949 304 1007 per
318 928 469 989 dexteram
485 938 566 987 tuam
581 938 611 988 te
626 928 745 989 dextera
759 927 889 989 retinens
904 948 994 988 manu
1087 927 1091 934 “

149 1004 292 1101 Opsecro,
308 1022 457 1084 infidelior
471 1021 544 1082 mihi
559 1021 596 1082 ne
611 1023 675 1082 fuas
689 1043 779 1100 quam
795 1041 851 1100 ego
866 1023 931 1082 stim
946 1022 1007 1082 tibi.

150 1117 222 1177 Ηόο
235 1137 290 1196 age
304 1128 350 1177 tu:
373 1128 404 1177 tu
419 1117 492 1177 mihi
507 1136 573 1177 erus
588 1136 669 1177 nunc
684 1136 723 1190 es,
740 1122 772 1176 to
785 1127 937 1196 patronus,
953 1117 984 1177 ni
999 1127 1094 1194 pater:

150 1209 220 1270 T1bi
235 1211 417 1272 commendo
431 1209 499 1289 spes
513 1230 646 1289 opesque
661 1210 751 1271 mehs.

591 1378 768 1437 Philocrates

778 1495 962 1556 Mandauistl
977 1496 1054 1556 satis.
1169 1514 1206 1552 44⁶

151 1589 234 1653 Setin
249 1591 342 1652 habes
357 1591 498 1653 mandhta
511 1611 588 1670 quae
603 1601 672 1652 sunt
687 1590 764 1651 fhcta
778 1591 803 1651 si
817 1591 930 1651 refero?

607 1761 760 1836 Deliacos

947 1839 1031 1900 Satis.

594 1921 770 1980 Philocrates

151 2029 190 2104 Et
205 2055 256 2104 tua
270 2055 299 2104 et
314 2056 364 2106 tua
378 2047 438 2105 haic
453 2055 574 2105 ornatus
588 2043 740 2105 reueniam
754 2065 790 2104 ex
804 2042 958 2104 sententia

151 2138 308 2216 Ntimquid
321 2140 421 2200 aliud?

633 2219 728 2295 Hegio

455 2329 497 2404 Vt
511 2363 601 2422 quam
616 2344 746 2422 primum
761 2342 856 2422 possis
871 2344 982 2404 redeas.

595 2512 771 2570 Philocrates

1018 2589 1079 2652 Re's
1095 2600 1204 2652 monet.

633 2674 727 2749 Hegea

152 2777 282 2864 Se'quere
296 2798 352 2850 me,
370 2777 510 2839 uiciticum
527 2791 558 2838 ut
572 2781 642 2840 dem
657 2780 675 2839 l
689 2779 830 2857 tarpezith
843 2759 911 2838 tibi':

152 2873 268 2934 Eidem
283 2893 372 2950 opera
386 2892 404 2933 a
419 2873 552 2950 praetore
567 2893 683 2934 sumam
699 2874 907 2952 syngraphum.

605 3041 759 3117 &odoros

810 3135 909 3210 Quem
925 3135 1142 3214 syngraphum?
1170 3151 1209 3190 eoo

635 3234 727 3308 Hegio

152 3359 253 3434 Quem
278 3358 327 3417 hle
352 3359 424 3418 serat
449 3375 550 3417 secum
572 3356 611 3416 ld
636 3357 792 3434 legionem,
816 3356 886 3416 hinc
907 3357 949 3416 fre
974 3356 1043 3415 huie
1065 3367 1097 3415 ut
1121 3355 1208 3416 liceht

234 3452 367 3510 domum.

151 3547 201 3604 Tu
216 3546 293 3604 intro
307 3543 364 3604 abi.

611 3626 762 3702 l'yndaevs

389 3746 473 3807 Bene
487 3746 646 3807 hmbulato.
