2760 4144
141 337 294 409 norom]
498 339 644 394 auxum
672 339 834 398 cxnmvr

143 488 244 547 Huius
259 489 314 560 ille,
332 488 381 547 hic
395 487 472 548 illius
489 490 579 550 hodie
594 491 648 550 sert
662 488 829 566 imdginem.

142 583 182 640 Et
197 581 245 640 hic
260 580 350 643 hodie
364 583 501 660 expediet
515 582 593 642 hanc
607 583 697 643 docte
711 582 855 642 fallaciam

143 677 182 734 Et
197 680 283 735 suom
298 695 381 736 erum
396 676 484 736 faciet
501 676 643 736 libertatis
657 677 831 753 conpotem:

143 768 321 846 Eode'mque
335 779 424 847 pacto
439 769 556 830 ira'trem
572 769 701 830 seruabit
715 789 809 844 suom,

143 862 360 940 Reduce'mque
374 863 461 923 faciet
475 863 602 924 liberum
616 864 647 923 in
662 863 786 942 patriam
800 863 839 924 ad
853 873 967 941 patrem

144 957 319 1035 Inpruidens,
336 957 440 1017 itidem
455 968 487 1016 ut
504 956 593 1035 saepe
607 958 666 1017 iam
681 957 712 1018 in
727 959 827 1018 multis
842 959 914 1019 locis

61 1065 63 1072 ⁴
144 1053 214 1112 Plus
229 1051 356 1112 insciens
370 1051 436 1129 quis
451 1050 520 1111 se'cit
534 1071 624 1129 quam
639 1051 769 1130 prude'ns
785 1053 863 1113 boni.
974 1084 977 1089 ·

143 1146 204 1206 Sed
217 1145 376 1206 inscientes
391 1145 444 1206 sud
458 1145 514 1206 sibi
528 1145 644 1206 fallacia

144 1241 190 1300 Ita
205 1240 403 1318 cdnpararunt
418 1238 447 1300 e't
461 1239 667 1300 confinxerunt
682 1241 786 1300 dolum

144 1331 263 1414 [Itaque
278 1335 308 1394 hi
323 1333 475 1394 conmenti
490 1333 528 1395 de
543 1353 596 1394 sua
610 1331 778 1414 sententia}

144 1430 184 1487 Vt
199 1427 230 1486 in
245 1426 385 1488 seruitute
399 1427 448 1488 hic
461 1427 501 1489 dd
515 1447 601 1488 suom
617 1427 735 1488 maneat
749 1438 872 1504 patrem.

144 1523 192 1581 Ita
207 1521 287 1581 minc
301 1522 442 1608 ignorans!
454 1522 508 1584 suo
522 1521 580 1583 sibi
594 1523 683 1583 seruit
697 1521 786 1600 patri:

145 1615 331 1676 Homdnculi
346 1617 450 1693 quanti
464 1627 541 1690 sunt,
557 1636 650 1694 quom
665 1615 809 1693 recogito!

145 1711 233 1768 Haec
247 1708 292 1769 re's
306 1721 408 1786 agetur
422 1709 517 1783 mihis,
534 1711 621 1770 uobis
635 1710 742 1770 sabula.

144 1803 205 1862 Sed
219 1801 336 1862 etiamst
350 1801 453 1881 paucis
467 1804 522 1865 u6s
537 1805 620 1882 quod
635 1804 764 1864 monitos
780 1803 933 1865 noluerim.

145 1894 282 1956 Profe'cto
297 1896 434 1975 expediet
449 1897 566 1959 fabulae
581 1897 650 1958 huic
665 1898 786 1976 operam
801 1898 885 1958 dare:

145 1991 216 2051 Non
231 1989 406 2067 pertractate
420 1991 525 2052 idctast
540 2011 638 2069 neque
652 1991 723 2052 item
738 2003 771 2052 ut
785 1991 908 2065 ce'terae,

145 2086 253 2161 Neque
267 2085 426 2162 spurcidici
441 2085 542 2146 insunt
556 2085 658 2146 ue'rsus
673 2085 927 2146 inmemorabiles:

145 2178 208 2238 Hic
222 2178 320 2256 ne'que
334 2179 468 2258 periurus
482 2179 578 2241 lenost
593 2199 649 2241 nec
664 2181 800 2241 meretrix
814 2180 892 2240 mala

145 2274 253 2351 Neque
268 2273 352 2335 msses
366 2274 524 2352 gloriosus:
546 2294 585 2334 ne
598 2273 762 2335 uereamini

145 2366 226 2442 Quia
240 2367 351 2428 be‘llum
366 2367 481 2429 Aetolis
495 2367 560 2430 esse
574 2367 635 2429 dixi
649 2387 718 2428 cum
733 2352 829 2429 Aleis:

144 2461 230 2522 Foris
243 2463 304 2523 illic
317 2473 398 2524 extra
412 2461 550 2524 scaenam
565 2464 637 2523 fient
651 2461 771 2541 proelia.

144 2557 226 2618 Nam
240 2557 300 2618 hoc
314 2556 409 2637 pae'ne
424 2556 587 2635 iniquomst
601 2556 719 2618 comico
734 2555 875 2634 chordgio

145 2650 257 2713 Conari
271 2651 410 2716 desubito
424 2651 511 2730 agere
525 2670 580 2711 nos
595 2649 786 2728 tragoediam.

145 2745 235 2806 Proin
250 2747 274 2806 si
288 2747 355 2824 quis
369 2765 501 2825 pugnam
515 2743 666 2824 exspectat
680 2745 739 2805 litis
754 2745 923 2806 contrahat:

143 2838 347 2900 valentiorem
362 2840 467 2900 nactus
481 2839 686 2901 aduorsarium

144 2934 175 2996 Si
190 2935 252 3008 erit,
269 2952 325 3011 ego
338 2933 445 2995 faciam
459 2944 492 2994 ut
505 2937 638 3013 pugnam
652 2932 800 3010 inspectet
815 2933 876 2995 non
891 2931 1010 3006 bonam,

144 3029 233 3088 Adeo
247 3030 280 3087 ut
294 3037 428 3104 spectare
442 3027 547 3106 postea
560 3023 659 3088 omnis
673 3027 778 3088 6derit.

143 3121 241 3181 Abeo.
284 3122 396 3194 Valete,
412 3120 526 3182 iudices
540 3119 712 3194 iustissumi,

145 3216 239 3276 Domi
253 3214 404 3292 duellique
419 3214 597 3276 dudilatores
612 3213 737 3292 optumi.

342 3305 436 3390 [Exit
447 3311 493 3370 tte
506 3311 664 3387 Prologue:
685 3309 732 3368 the
748 3309 882 3386 captives
895 3309 1006 3369 mnain
1019 3327 1055 3369 on
1069 3309 1115 3368 the
1127 3315 1203 3386 stage

581 3605 769 3624 *a
