2760 4144
186 295 219 347 ²4
547 279 694 335 PLAUTI
720 280 881 335 CAPTIVI
1129 277 1238 350 [AotII

184 422 245 498 Qui
260 421 308 484 me
323 423 396 501 quid
410 444 507 485 rerum
523 423 572 484 hic
585 425 694 503 agitem
710 436 739 486 et
753 425 826 503 quid
841 426 903 485 fieri
918 425 1007 486 uelim

185 517 264 576 Patri
278 535 347 578 meo
361 518 466 579 ordine
480 518 601 578 omnem
617 539 678 578 rem
694 519 763 579 illuc
777 520 912 597 perferat.

184 611 213 669 N
215 629 274 671 unc
288 611 329 671 ita
342 611 484 672 conuenit
499 613 574 672 inter
589 632 637 673 me
650 622 740 689 atque
755 613 842 686 hunc,
859 613 1006 690 Tyndare,

183 706 224 764 Vt
239 714 268 764 te
282 705 480 766 aestumatum
496 704 526 765 in
541 691 661 766 Alidem
676 707 790 766 mittam
805 706 845 768 ad
859 718 980 785 patrem,

184 797 214 859 Si
229 797 289 859 ndn
305 799 420 873 rebitas,
437 801 507 861 huic
522 810 554 860 ut
568 799 673 878 uiginti
687 799 783 860 minas

185 894 263 954 Dem
278 894 384 972 prote.

624 975 801 1035 Philocrates

427 1099 522 1159 Recte
536 1098 713 1160 conuenisse
728 1098 832 1158 sentio.

183 1192 261 1251 Nam
278 1189 361 1269 pater
375 1203 525 1270 exspectat
539 1197 590 1252 adt
605 1212 653 1252 me
667 1204 718 1252 aut
732 1191 863 1269 aliquem
878 1191 1024 1266 nuntium,

184 1283 244 1360 Qui
259 1283 329 1345 hinc
343 1284 383 1346 ad
397 1305 429 1346 se
443 1285 552 1346 ueniat.

636 1367 788 1444 Tyndarvs

578 1469 658 1564 Ergo
672 1485 805 1547 animum
820 1486 959 1548 aduortas
974 1488 1052 1560 uolo,

183 1579 269 1654 Quae
284 1578 420 1639 ndntiare
434 1578 504 1639 hinc
518 1578 548 1639 te
562 1581 633 1640 uolo
648 1580 677 1640 in
693 1579 818 1658 patriam
832 1579 871 1642 ad
887 1590 1008 1658 patrem.

622 1730 799 1789 Philocrates
905 1705 917 1766 i

183 1849 371 1921 Philocrates,
388 1857 420 1920 ut
434 1848 533 1909 adhuc
547 1850 681 1909 locorum
697 1849 760 1923 feci,
777 1849 882 1910 saciam
898 1848 1016 1910 se'dulo:
1198 1869 1235 1908 aas

183 1944 223 2001 Vt
237 1941 435 2019 potissumdm
450 1943 532 2019 quod
547 1941 577 2002 in
592 1963 654 2004 rem
669 1943 748 2004 recte
762 1943 911 2005 conducat
926 1954 1016 2017 tuam,

183 2020 220 2097 id
234 2047 334 2114 petam
350 2035 441 2115 idque
455 2035 615 2115 pe'rsequar
628 2040 719 2099 corde
734 2037 763 2099 έῖ
777 2037 886 2113 animo,
903 2058 954 2099 ore
967 2050 1058 2116 atque
1072 2039 1199 2100 auribus.

634 2188 789 2264 Undaros

182 2304 267 2397 lfacis
281 2304 322 2365 ita
336 2316 369 2366 ut
383 2315 412 2367 te
427 2305 522 2367 iacere
537 2317 667 2384 oportet:
689 2311 769 2368 nunc
783 2306 917 2367 animum
931 2307 1071 2368 aduortas
1086 2310 1163 2370 uolo.

181 2397 326 2459 Omnium
341 2399 469 2477 primdm
484 2401 608 2460 salutem
623 2401 716 2461 dicito
731 2400 816 2460 matri
831 2399 860 2461 et
874 2400 948 2479 patri

180 2475 221 2551 lit
235 2493 368 2571 cognatis
383 2492 412 2554 dt
427 2492 555 2571 siquem
571 2493 661 2553 alium
677 2492 905 2555 beneuolentetn
921 2494 1037 2557 uideris.
1198 2513 1235 2553 aso

182 2586 235 2646 Me
249 2586 298 2647 hic
314 2589 411 2648 ualere
425 2597 455 2648 et
469 2586 640 2647 seruitutem
656 2586 764 2648 seruire
779 2586 849 2648 huic
863 2587 978 2649 homini
993 2590 1126 2667 optumo,

182 2679 242 2754 Qui
257 2699 306 2741 me
320 2681 434 2742 honore
449 2679 649 2742 honestiorem
665 2679 782 2760 semper
796 2681 865 2743 fecit
880 2680 909 2744 et
923 2681 1000 2744 facit.

621 2831 797 2890 Philocrates

181 2927 263 3007 istuc
277 2967 316 3008 ne
329 2947 505 3027 praecipias:
527 2948 612 3010 facile
627 2947 770 3010 memoria
785 2949 907 3011 memini
922 2961 1030 3012 tamen.

634 3099 787 3174 Undarvs

180 3213 424 3369 Ναητέέέυἱάειη
451 3215 507 3278 nisi
532 3218 615 3294 quod
638 3219 794 3278 custodem
823 3217 921 3280 habeo
946 3218 1070 3279 liberum
1096 3239 1145 3280 me
1169 3239 1233 3280 esse

279 3329 292 3368 r
315 3321 391 3370 rtror.

181 3400 282 3462 Dicito
296 3403 371 3480 patri
385 3423 446 3481 quo
460 3414 548 3483 pacto
564 3403 636 3465 mihi
650 3424 719 3465 cum
735 3405 793 3465 hoc
808 3403 980 3466 conuenerit
1196 3424 1235 3464 aas

181 3495 228 3556 De
242 3495 330 3556 huius
345 3495 414 3557 tilio.

619 3578 796 3638 Philocrates

442 3698 529 3773 Quae
543 3696 665 3758 memini
680 3699 762 3759 mora
777 3709 885 3759 merast
899 3699 1053 3760 monerier.
