2760 4144
177 289 213 365 4⁶
541 288 687 343 PLAUTI
714 289 875 344 currrvr
1111 290 1233 363 [auem

178 437 254 497 Vale
268 437 358 515 itque
372 437 461 510 salue,
478 436 532 496 etsi
548 436 631 497 iliter
645 448 677 497 ut
692 437 790 498 dicam
807 457 909 498 meres.

178 532 234 604 Tu,
254 531 487 608 Aristophontes,
505 529 543 591 de
558 550 607 591 me
621 542 653 591 ut
669 530 808 605 meruisti,
824 533 865 593 ita
878 534 958 594 uale:
1196 550 1233 593 rte

179 625 258 685 Nam
273 624 345 684 mihi
360 635 480 702 propter
494 636 523 684 te
538 626 596 684 hoc
611 624 723 703 optigit.

514 791 519 812 ι
557 766 652 842 Hegio
668 768 708 845 (lo
721 768 852 846 Lalan'i)
934 748 936 753 ’

736 874 894 935 Abducite

636 1016 788 1092 Tyndarvs

177 1128 326 1187 Atrinum
342 1129 400 1188 hoc
414 1147 534 1206 quaeso,
551 1128 575 1188 si
591 1129 649 1188 hric
664 1128 770 1189 rebitet
785 1130 974 1200 Philocrates,

147 1269 152 1277 .
176 1221 217 1279 Vt
233 1220 273 1279 mi
288 1219 351 1280 eius
366 1221 455 1281 iacias
471 1220 675 1282 conueniundi
690 1221 816 1299 copiam.

558 1363 651 1438 Hegio
666 1363 706 1440 (lo
720 1363 850 1440 Lolart'i)

177 1473 314 1548 Periistis,
332 1473 387 1535 nisi
403 1475 461 1535 iam
476 1477 557 1536 hunc
572 1475 588 1536 έ
603 1487 767 1554 conspectu
781 1475 936 1538 abducitis.

634 1617 788 1692 Tyndarvs

176 1720 229 1781 Vis
243 1719 317 1782 haec
331 1720 453 1799 quidem
469 1723 594 1782 herclest
609 1721 638 1782 e't
652 1722 727 1782 trahi
743 1733 771 1781 et
787 1724 865 1784 trudi
880 1722 1019 1784 simui-
1193 1739 1231 1783 ruo

475 1811 645 1898 [Iyndarus
658 1817 685 1875 is
698 1817 786 1875 haled
797 1836 883 1894 away
894 1819 932 1894 by
946 1818 992 1878 the
1004 1818 1086 1877 other
1097 1820 1190 1878 slaves

655 1957 750 2033 Hegio

175 2059 241 2121 Illic
255 2060 300 2122 est
313 2061 461 2124 abductus
476 2061 555 2123 recta
569 2063 599 2122 in
615 2064 770 2141 phylacam
785 2073 817 2122 ut
832 2064 939 2141 dignus
954 2074 1006 2124 est.

176 2157 240 2233 Ego
255 2156 311 2217 illis
326 2156 451 2235 captiuis
466 2156 529 2216 tiliis
545 2159 760 2218 documentum
776 2156 864 2230 dabo,

175 2249 222 2308 Ne
237 2249 294 2310 ttile
310 2250 469 2329 quisquam
484 2251 597 2310 sicinus
613 2250 742 2328 incipere
756 2252 873 2312 audeat.

175 2343 267 2416 Quod
281 2344 396 2422 aibsque
410 2346 469 2405 hoe
483 2355 568 2417 esset,
585 2346 636 2421 qui
652 2345 724 2404 mihi
739 2347 797 2405 hoc
812 2346 880 2405 fecit
895 2347 1001 2423 palam,

174 2438 277 2514 Vsque
291 2438 467 2499 offrenatum
482 2441 542 2499 suis
557 2458 605 2498 me
619 2438 774 2499 ductare'nt
789 2439 873 2499 dolis.

174 2530 264 2591 Nunc
278 2530 419 2593 certumst
435 2533 507 2593 nulli
523 2533 647 2609 posthac
662 2533 823 2610 quicquam
838 2533 972 2594 eredere:

173 2623 249 2684 Satis
264 2629 331 2685 sum
346 2627 438 2686 semel
453 2625 611 2704 deceptus:
633 2628 749 2703 speraui
765 2626 853 2688 miser

173 2720 220 2778 Ex
234 2718 375 2780 se'ruitute
390 2740 438 2780 me
453 2719 597 2780 exemisse
611 2720 748 2780 iilium-

174 2814 219 2874 Ea
233 2813 301 2891 spes
315 2816 450 2893 elapsast.
496 2814 615 2876 Pe'rdidi
630 2834 723 2875 unum
739 2813 842 2888 filium,

173 2910 301 2968 Puerum
316 2909 506 2985 quadrimum
520 2908 611 2987 quem
627 2907 699 2969 mihi
714 2927 816 2970 seruos
830 2907 957 2986 surpuit:
1190 2925 1229 2970 teo

173 3002 280 3079 Neque
295 3006 363 3062 eum
379 3022 497 3063 seruom
512 3022 655 3080 umquam
670 3001 785 3082 repperi
800 3022 898 3081 neque
913 3002 1022 3064 filium:

173 3095 271 3157 Maior
285 3095 397 3175 potitus
411 3097 578 3158 hostiumst.
623 3097 716 3174 Quod
730 3099 788 3158 hoc
803 3095 847 3158 est
862 3098 976 3158 scelus?

173 3190 267 3266 Quasi
282 3191 311 3250 in
327 3190 485 3252 orbitatem
500 3191 608 3252 liberos
622 3191 821 3270 produxerim.

172 3286 301 3363 Sequere
315 3284 385 3345 hic:
407 3286 570 3347 redducam
585 3295 614 3346 te
629 3284 681 3345 ubi
696 3284 783 3346 fuisti.
828 3282 965 3345 Neminie

172 3379 315 3440 Miserere
328 3390 477 3455 certumst,
494 3381 565 3459 quia
579 3378 638 3440 mei
653 3380 771 3440 miseret
785 3376 946 3442 neminem.
1191 3393 1228 3440 rer

588 3521 807 3597 An'stoplrontes

172 3631 369 3711 Exauspicaui
384 3651 420 3692 ex
433 3632 553 3693 uinclis:
574 3651 655 3692 nunc
670 3630 808 3708 inte'llego

173 3728 457 3806 Redauspicandum
472 3747 537 3787 esse
551 3728 582 3786 in
596 3736 716 3788 catenas
730 3725 839 3786 denuo.
1094 3719 1231 3808 [Exeunt

1136 3970 1271 4084 ,a
1307 3925 1363 4040 ν’
