2760 4144
12 3431 14 3478 i

12 3493 15 3656 i

155 264 190 317 30
516 246 661 301 PLAUTI
689 248 850 303 CAPTIVI
1087 247 1158 319 [Act
1171 257 1210 303 111

155 378 217 472 ipsi
232 396 271 454 dc
286 395 351 455 ford
365 405 425 454 tam
440 405 542 472 aperto
557 394 655 473 capite
668 397 708 455 ad
723 396 839 455 lenonis
854 405 926 456 eunt
1173 412 1209 454 ns

154 488 253 562 Quam
269 489 299 548 in
315 487 392 548 tribu
407 500 476 548 ante
490 487 592 567 aperto
608 489 704 566 capite
719 489 812 549 scintis
827 489 1030 550 condemnant
1044 508 1118 549 reos.

153 583 181 642 N
185 580 261 658 eque
275 581 415 642 ridiculos
430 583 489 641 ia'm
504 583 616 642 terunci
632 582 757 643 iaciunt:
779 603 844 643 sese
858 581 963 643 omne's
977 594 1086 644 amant.

154 677 233 735 Nam
248 696 304 753 ego
319 686 352 736 ut
366 677 481 737 dudum
496 676 567 736 hinc
581 676 648 748 abii,
664 677 775 737 accessi
790 679 829 737 ad
843 677 1042 738 adulescentis
1056 678 1087 737 in
1103 679 1181 739 ioro:

155 771 301 830 ‘Saluete’
321 769 452 848 inquam.
497 772 585 846 ‘Quo
602 773 690 830 imus'
705 770 827 849 inquam
845 773 900 831 ‘ad
918 772 1105 849 prandiumi'
1119 785 1209 851 atque

233 864 275 924 illi
289 875 395 925 tacent.
1170 883 1209 926 rto

155 959 247 1034 ‘Quis
258 957 312 1018 ait:
334 959 411 1019 hoc?
429 968 480 1018 aut
491 959 558 1035 quis
569 960 751 1036 profitetur?'
771 959 907 1036 inquam:
927 960 1012 1038 quasi
1025 962 1100 1020 muti
1111 960 1205 1035 silent,

153 1053 261 1129 Neque
271 1072 319 1112 me
328 1051 412 1112 ridet.
436 1051 500 1112 ‘tibi
510 1072 652 1113 cenamus
662 1051 896 1130 dnai’inquam:
911 1064 1002 1129 atque
1012 1054 1052 1112 illi
1063 1055 1206 1114 abnuont.

154 1146 231 1206 Dico
247 1166 339 1210 unum
354 1147 512 1207 ridiculum
528 1147 641 1207 dictum
657 1146 695 1207 dd
710 1145 797 1207 dictis
812 1146 991 1220 melioribus

154 1240 272 1314 Quibus
287 1240 420 1301 solebam
435 1239 622 1301 me'nstrualis
636 1239 738 1318 epulas
753 1250 822 1301 ante
836 1239 1006 1318 adipiscier:

153 1333 253 1402 Ne'mo
267 1335 350 1395 ridet.
394 1334 474 1395 Sciui
489 1337 639 1412 extemplo
653 1337 716 1394 rem
730 1336 769 1396 dc
784 1336 931 1413 conpectd
945 1335 1013 1412 geri.

153 1427 200 1489 Ne
215 1445 320 1488 canem
334 1427 457 1506 quidem
472 1429 620 1488 inritatam
634 1428 729 1490 udluit
744 1428 901 1506 quisquam
916 1429 1064 1504 imitarier,
1170 1449 1208 1488 ras

152 1522 263 1584 Siltem
279 1521 304 1583 si
319 1541 380 1582 non
394 1521 571 1597 adriderent,
588 1522 686 1583 dentis
700 1534 734 1583 ut
748 1525 963 1601 restringerent.

152 1601 240 1677 dbeo
254 1616 293 1677 ab
308 1616 371 1690 illis,
387 1616 548 1695 postquam
563 1615 653 1678 uideo
668 1620 716 1677 me
731 1616 774 1678 sic
788 1615 978 1678 ludificarier:

153 1709 247 1788 Pergo
261 1712 300 1773 ad
315 1709 396 1784 alios,
412 1709 502 1771 uenio
517 1713 556 1771 ad
570 1711 652 1783 alios,
669 1712 780 1772 deinde
793 1713 833 1771 ad
847 1711 1023 1771 alios-rina
1036 1713 1095 1771 res!

153 1785 267 1866 Omnes
282 1805 321 1866 de
335 1806 483 1881 conpecto
498 1824 560 1864 rem
574 1815 666 1882 agunt
681 1803 766 1882 quasi
781 1804 811 1863 in
826 1804 957 1865 Velabro
972 1803 1080 1864 olearii.

152 1899 242 1958 Nrinc
256 1898 347 1960 redeo
361 1896 440 1971 inde,
456 1896 599 1975 quoniam
614 1917 663 1958 me
677 1897 719 1958 ibi
734 1899 823 1960 uideo
838 1897 1023 1958 ludificarier.
1170 1917 1207 1956 rso

33 2014 37 2024 ¹
153 1975 230 2052 item
245 1992 293 2052 alii
309 1991 426 2069 parasiti
441 1994 547 2052 frustra
560 1991 796 2052 obambulabant
810 1992 840 2051 in
856 1993 928 2052 foro,

152 2086 242 2147 Nrinc
256 2085 409 2146 barbarica
423 2085 488 2164 ldge
502 2096 644 2147 certumst
658 2085 704 2146 ius
720 2105 820 2146 meum
836 2105 926 2146 omne
940 2085 1091 2164 pe'rsequi:

152 2179 213 2256 Qui
228 2181 258 2240 in
274 2179 435 2241 concilium
451 2179 517 2254 iere,
534 2200 596 2257 quo
610 2200 666 2241 nos
680 2181 761 2240 uictu
777 2191 806 2239 et
823 2179 885 2239 uita
899 2178 1084 2257 prohibeant,

153 2257 183 2334 is
198 2272 279 2336 diem
294 2274 401 2348 dicam,
418 2275 561 2352 inrogabo
577 2276 708 2347 miiitum,
725 2286 758 2334 ut
773 2272 845 2333 mihi
861 2273 949 2334 cenas
964 2275 1069 2334 decem

153 2369 226 2428 Meo
240 2367 379 2428 a'rbitratu
394 2367 466 2429 dent
481 2387 573 2446 quom
589 2387 656 2429 cara
669 2368 789 2429 anndna
803 2367 848 2427 sit.
891 2367 940 2428 Sic
955 2366 1055 2445 egero!
1169 2385 1206 2425 ros

152 2463 243 2522 Nrinc
257 2460 308 2521 ibo
322 2462 361 2521 ad
376 2472 494 2538 portum
509 2463 592 2522 hinc:
614 2472 658 2522 est
673 2461 732 2521 illic
747 2461 789 2521 mi
803 2461 862 2521 dna
876 2481 944 2539 spes
959 2459 1105 2521 cenatica:

152 2555 183 2616 Si
198 2554 233 2616 da
247 2554 405 2628 decolabit,
422 2555 527 2617 redibo
541 2557 601 2616 huc
616 2557 655 2617 a'd
670 2575 772 2616 senem
788 2556 826 2617 ad
841 2575 946 2617 cenam
961 2555 1103 2729 dsperanp.

1089 2650 1169 2708 Exit

499 2813 584 2874 ACT
613 2812 812 2872 III-Serus
833 2828 856 2870 11

302 2983 419 3055 Homo,
442 2982 556 3058 singing
575 2982 621 3040 tlte
631 2982 789 3058 following
806 2983 901 3058 happy
921 2981 1058 3040 canticum

374 3078 650 3149 Amsrorrrorrrss,
666 3077 786 3136 another
797 3077 893 3134 Eleon
907 3075 985 3134 slave

315 3207 397 3283 Quid
412 3218 456 3268 est
471 3207 590 3268 suauius
605 3227 696 3285 quam
711 3208 788 3268 bene
803 3209 865 3268 rem
879 3225 979 3285 gerere

315 3299 402 3363 Bon6
418 3302 547 3379 publicd,
564 3301 639 3362 sicut
654 3301 709 3380 e'go
724 3300 780 3361 ieci
795 3301 867 3375 heri,
882 3319 975 3379 quom

316 3397 385 3457 Emi
399 3395 490 3457 hosce
505 3396 660 3456 homines?
701 3394 761 3455 Vbi
776 3395 903 3472 quisquc
917 3393 1029 3466 uident,
1170 3407 1208 3450 ⁶00

317 3493 397 3552 Ednt
412 3490 534 3552 obuiam
549 3491 790 3568 gratulanturque
803 3488 870 3548 eam
885 3508 961 3548 rem:

156 3585 203 3647 Ita
218 3605 264 3646 me
279 3583 418 3646 misertim
432 3583 594 3645 restitindo
608 3583 718 3643 lassdm
732 3582 925 3642 reddiderunt
939 3578 1102 3640 retinendo.
1145 3594 1209 3636 soa-a

317 3679 375 3738 Vix
389 3678 424 3739 ἐκ
437 3677 612 3757 gratulando
627 3675 715 3736 mise'r
728 3675 788 3735 iarn
802 3674 980 3735 eminebam.
