2760 4144
208 284 243 320 20
570 266 702 320 PLAUT
704 266 716 319 1
744 266 905 320 CAP'rer
1154 260 1225 334 [Aot
1237 271 1263 316 11

209 413 287 472 Nam
303 432 358 491 ego
369 433 405 472 ex
419 415 477 472 hoc
492 432 553 489 quo
567 412 674 490 gdnere
688 424 794 490 gnatus
808 414 847 472 sis
862 413 932 485 sei0,
945 411 994 471 hie
1008 413 1114 472 sassdst
1129 410 1209 470 mihi.
1227 427 1263 466 aaa

210 509 296 566 Haec
311 518 342 566 tu
357 508 463 566 eadem
478 507 502 567 si
517 505 651 566 confiteri
665 508 710 566 uis
725 517 775 565 tua
786 526 822 565 ex
837 525 867 564 re
881 505 993 578 seceris,

210 599 295 674 Quae'
310 611 409 659 tamen
423 600 471 659 aio
486 600 559 659 scire
575 619 623 658 me
637 620 673 660 ex
687 600 753 659 hoc.

664 747 816 821 Tyndarvs

776 859 858 921 chit
872 859 1003 922 officium
1017 861 1066 919 hic
1081 861 1175 931 suom',

210 955 312 1030 Qudm
327 953 408 1015 tibist
423 954 576 1016 consessus
591 974 709 1015 uerum:
731 954 912 1032 quamquam
928 954 1009 1014 uolui
1024 953 1128 1013 sddulo

211 1049 313 1108 Meam
329 1049 515 1109 nobilitatem
530 1049 678 1109 decultare
692 1060 722 1109 et
736 1048 829 1126 genus
844 1060 873 1108 et
888 1047 1006 1108 diuitia's
1022 1067 1109 1119 meas,

211 1141 324 1219 He'gio:
346 1162 427 1203 nune
441 1143 563 1220 quando
577 1142 701 1221 patriam
717 1154 746 1202 et
761 1143 925 1202 libertatem
941 1140 1064 1220 perdidi,
1227 1158 1264 1197 too

210 1237 281 1296 Non
296 1256 352 1314 ego
366 1236 463 1297 istunc
478 1256 527 1297 me
541 1238 639 1314 potius
654 1256 744 1314 quam
760 1248 788 1296 te
803 1235 934 1296 metuere
947 1253 1076 1313 aequom
1091 1233 1207 1294 ce'nseo.

210 1332 264 1389 Vis
278 1331 393 1391 hostilis
408 1351 477 1390 cum
492 1332 567 1392 istoc
582 1331 650 1391 fecit
665 1329 746 1391 meas
761 1349 833 1408 opes
848 1328 1026 1407 aequabiles.

211 1423 337 1485 Memini
352 1444 444 1502 quom
460 1425 541 1485 dicto
555 1427 636 1485 haud
650 1424 788 1498 audebat,
805 1424 883 1484 facto
898 1443 979 1483 nunc
993 1422 1091 1483 laeda't
1106 1422 1181 1482 licet.

210 1518 269 1580 sed
283 1520 393 1580 uiden?
434 1522 566 1579 Fortuna
579 1521 710 1579 humana
724 1517 808 1596 fingit
822 1529 956 1596 artatque
971 1522 1004 1576 tt
1019 1517 1115 1576 lubet:

211 1613 264 1673 Μέ
278 1612 329 1690 qui
344 1613 417 1672 liber
431 1614 553 1686 sderam,
569 1632 686 1673 seruom
702 1613 778 1686 ie'cit,
795 1633 812 1673 e
827 1631 945 1673 summo
960 1613 1115 1671 intumum.
1228 1627 1265 1667 aas

210 1707 272 1782 Qui
286 1709 429 1784 imperare
445 1705 591 1767 insue'ram
607 1726 687 1782 nunc
701 1708 803 1766 altrius
817 1705 942 1784 imperio
957 1706 1114 1783 dbsequor.

212 1787 251 1861 Et
265 1800 387 1878 quidem
403 1800 426 1861 si
442 1801 566 1877 proinde
582 1811 613 1861 ut
629 1800 692 1879 ipse
706 1801 748 1860 sui
763 1802 922 1878 Imperator
935 1799 1064 1859 familiae

211 1895 352 1956 Habeam
380 1894 547 1969 dominum,
574 1896 635 1956 non
664 1914 766 1955 uerear
793 1914 831 1955 ne
860 1894 967 1954 iniriste
992 1904 1042 1954 aut
1070 1892 1197 1970 grauiter
1225 1891 1265 1951 mi

291 1990 423 2067 imperet.

212 2082 321 2162 Hdgio,
338 2085 396 2144 hoc
410 2094 439 2144 te
454 2081 600 2144 monitum
616 2082 672 2144 nisi
687 2085 761 2145 forte
777 2084 839 2161 [pse
855 2103 915 2143 non
930 2082 976 2143 uis
990 2081 1142 2142 udluerim.

693 2229 786 2305 Hegio

212 2312 349 2390 quuere
363 2311 511 2372 audacter.

663 2393 819 2466 Tyndarvs

454 2510 530 2570 Tam
546 2529 601 2588 ego
616 2510 657 2569 fui
672 2521 740 2570 ante
756 2511 829 2570 liber
843 2530 933 2587 quam
948 2513 1053 2588 gnatus
1068 2518 1149 2569 tuos:
1229 2525 1267 2564 uo

211 2605 288 2665 Tam
304 2603 377 2665 mihi
392 2624 482 2682 quam
498 2604 538 2664 illi
553 2604 717 2664 libertatem
734 2603 849 2664 hostilis
864 2604 970 2683 eripuit
986 2622 1104 2663 manus:

212 2701 288 2759 Tam
304 2699 353 2759 ille
367 2701 448 2777 apud
463 2717 518 2758 nos
533 2697 622 2758 sdruit
637 2717 727 2775 quam
742 2717 797 2776 ego
813 2699 892 2758 minc
907 2696 955 2757 hic
970 2699 1051 2776 apud
1066 2709 1095 2757 te
1110 2696 1215 2757 se'ruio.

214 2778 268 2854 Est
282 2794 416 2872 profecto
431 2792 505 2854 deus
519 2793 571 2870 qui
586 2812 663 2869 quae
678 2813 732 2853 nos
746 2792 875 2871 gdrimus
889 2792 1032 2869 auditque
1047 2790 1075 2852 dt
1090 2792 1186 2852 uidet:

213 2872 243 2947 Ῐε
260 2888 301 2947 uti
316 2899 347 2948 tu
363 2906 410 2947 me
425 2887 474 2947 hic
488 2887 625 2948 hdbueris
640 2887 765 2965 proinde
779 2888 861 2947 illurn
877 2887 936 2946 illic
950 2886 1103 2946 curauerit.

213 2980 296 3041 Be'ne
310 2982 434 3041 merenti
450 2980 527 3042 bdne
541 2981 690 3060 profuerit,
708 2981 785 3041 maile
799 2981 923 3041 merenti
938 2980 990 3058 par
1004 2980 1065 3040 erit.
1231 2997 1268 3037 ars

213 3074 313 3151 Quam
328 3085 360 3136 tu
375 3074 469 3135 filidm
483 3085 567 3137 tuom
583 3086 643 3136 tam
658 3075 742 3154 pate'r
756 3095 805 3135 me
819 3093 903 3134 meus
918 3074 1073 3135 desiderat.

692 3220 788 3297 Hegio

214 3336 341 3398 Me'mini
356 3357 412 3418 ego
426 3338 516 3401 istuc:
538 3338 591 3401 sdd
606 3339 709 3401 faterin
725 3337 830 3400 &adem
845 3357 923 3417 quae
937 3337 986 3399 hic
1000 3339 1107 3400 fassust
1121 3337 1212 3398 mihi?

666 3485 820 3562 Dadanu

215 3588 280 3681 Ego
295 3604 369 3682 patri
385 3624 454 3666 meo
468 3605 533 3667 e'sse
547 3607 641 3667 fateor
654 3609 784 3666 summas
799 3604 918 3666 diuitias
932 3605 1015 3667 domi

214 3701 327 3776 Meque
342 3719 460 3761 summo
474 3700 581 3779 gdnere
594 3712 731 3779 gnatum:
753 3699 806 3761 se'd
822 3711 851 3760 te
865 3711 1005 3778 optestor,
1023 3698 1131 3778 He¹gi0,
