2760 4144
165 305 201 359 44
528 285 674 342 PLAUTI
702 285 864 342 CAPTIVI

625 435 780 511 Tyndarvs

168 513 307 577 Votussti.

649 596 743 672 Hegio

330 716 416 791 Quor
429 735 460 776 es
474 715 563 776 adsus
579 713 696 776 mentiri
711 713 803 774 mihi?

624 861 778 937 Tyndarvs

168 977 247 1056 Quia
261 978 331 1040 ue'ra
345 980 485 1041 obessent
499 979 540 1040 ssli
555 978 627 1059 quoi
641 981 762 1057 operdm
777 978 900 1041 dabam:

168 1075 259 1136 Nunc
273 1075 345 1135 fdlsa
358 1085 490 1154 prosunt.

649 1155 742 1231 Hegio

490 1259 532 1335 Ᾰῐ
545 1271 599 1334 tibi
614 1273 750 1334 oberunt.

623 1418 777 1493 findat-os

167 1620 209 1679 At
223 1622 306 1679 enim
320 1616 445 1690 seruati,
461 1616 552 1696 qudm
566 1626 716 1679 seruatum
731 1503 948 1695 gagldtdtmfflt·

169 1711 250 1788 Quoi
265 1710 312 1772 md
327 1712 483 1773 custodem
497 1712 653 1773 addiderat
668 1731 735 1772 erus
749 1712 843 1774 maidr
857 1731 950 1773 meus.

168 1806 229 1868 Sed
242 1804 359 1866 mdlene
373 1804 405 1867 id
420 1806 530 1866 factum
545 1814 577 1865 tu
592 1804 751 1866 drbitrare?

648 1949 742 2026 Hegio

783 2029 934 2093 Pdssume.

624 2139 779 2214 Tyndarvs

169 2255 208 2314 At
223 2271 279 2332 ego
292 2251 341 2313 dio
355 2261 443 2325 recte,
459 2250 510 2330 qui
525 2251 579 2313 Abs
593 2262 623 2313 te
637 2271 754 2313 sorsum
768 2250 878 2314 sdntioz

169 2350 248 2409 Nam
263 2346 401 2426 edgitato,
418 2347 442 2407 si
457 2347 523 2425 quis
537 2348 596 2408 hoc
610 2347 701 2425 gnatd
715 2357 768 2408 tuo

168 2444 252 2505 Tuos
266 2441 368 2503 sdruos
382 2441 460 2515 faxit,
476 2442 596 2520 qudlem
611 2441 734 2502 haberes
749 2439 891 2519 gritiam?

169 2538 367 2597 Emitteresne
381 2535 477 2598 ndcne
491 2555 560 2596 eum
575 2536 693 2596 serudm
709 2535 819 2596 manu?

170 2629 295 2691 Essdtne
308 2632 390 2708 apud
404 2640 434 2692 te
448 2630 472 2691 is
487 2628 588 2691 sdruos
602 2629 856 2708 acceptissumus?

170 2724 341 2803 Respdnde.

648 2804 744 2880 Hegio

371 2884 494 2963 opinor.

624 2966 780 3042 Tyndarvs

521 3083 606 3159 Qudr
619 3103 689 3162 ergo
704 3082 794 3144 iratds
809 3082 923 3144 mihi’s?

649 3228 744 3304 Hegio

170 3348 249 3428 Quia
262 3347 303 3408 illi
317 3346 398 3408 fuisti
411 3345 502 3425 quim
517 3344 590 3407 mihi
606 3345 728 3409 fiddlior.

627 3492 780 3568 &odoros

171 3611 253 3689 Quid
268 3613 319 3672 tu?
340 3616 399 3672 dna
413 3620 502 3672 nocte
516 3609 703 3689 pdstulauisti
718 3608 747 3670 έῐ
761 3609 811 3670 die

171 3706 289 3768 Recdns
303 3716 424 3785 captum
439 3705 592 3767 hominem
608 3704 753 3784 miperum
767 3702 919 3766 nouicium
