2760 4144
558 276 705 332 PLAUTI
733 275 893 330 CAPTIVI
1142 277 1213 348 [Aet
1225 283 1250 330 11

651 424 803 500 Tyndarvs

905 506 1056 580 Ausculta,
1074 508 1137 564 tum
1152 504 1235 564 scies.

198 584 263 678 Ego
278 617 326 660 me
340 596 436 659 amitti
451 597 593 660 donicum
608 597 658 658 ille
671 599 731 657 huc
745 596 863 658 redierit
877 617 938 657 non
954 597 1085 674 postulo:

199 693 307 754 Ve‘rum
329 702 359 753 te
375 711 487 770 quaeso
505 691 702 752 ae'stumatum
721 692 802 750 hunc
817 691 889 750 mthi
907 693 960 752 des
978 711 1068 769 quem
1084 691 1197 753 mittam
1212 691 1251 752 ad

278 797 399 864 patrem,
1214 803 1251 842 ato

196 866 238 940 'Vt
252 879 277 940 is
292 882 384 941 homo
399 880 559 941 redimatur
573 878 622 940 illi.
760 943 763 950 ,

677 962 771 1036 Hagio

644 1069 743 1127 Immo
757 1065 848 1127 ilium
864 1067 963 1145 potius
979 1069 1085 1128 misero

199 1162 282 1220 Hinc
296 1159 347 1221 ubi
363 1172 448 1220 erunt
463 1159 595 1222 indutiae
610 1159 687 1233 illuc,
704 1162 788 1220 tuom
803 1161 854 1238 qui
869 1161 1028 1221 conueniat
1042 1172 1164 1239 patrem,

198 1255 259 1330 Qui
274 1265 326 1314 tua
339 1274 416 1332 quae
430 1265 463 1315 tu
478 1254 596 1315 iusseris
611 1254 751 1314 mandita
765 1254 806 1314 ita
820 1264 852 1314 ut
868 1254 941 1315 uelis
955 1254 1086 1332 pe'rferat.

652 1387 805 1461 Iyndaros

197 1477 237 1553 Ᾰϊ
253 1491 325 1552 nihil
341 1502 385 1553 est
400 1491 534 1570 ignotum
548 1492 588 1553 ad
603 1491 684 1551 illum
702 1493 831 1553 mittere:
853 1511 974 1572 operam
989 1491 1105 1553 luseris:

198 1589 291 1646 Hunc
306 1586 398 1660 mitte,
412 1585 461 1646 hic
475 1605 537 1646 rem
552 1588 673 1646 omnem
688 1596 865 1646 transactam
881 1585 992 1659 reddet,
1005 1584 1030 1646 si
1045 1584 1114 1645 illuc
1128 1583 1250 1646 uenerit.

197 1680 305 1759 Neque
320 1701 501 1759 quemquam
517 1681 680 1742 fide'liorem
696 1680 794 1759 ne‘que
809 1681 879 1759 quoi
895 1683 961 1759 plus
975 1681 1075 1742 credit
1089 1690 1175 1759 potes
1215 1699 1252 1738 aa

198 1777 318 1836 Mittere
332 1777 371 1836 ad
385 1795 455 1835 eum
470 1773 568 1852 neque
583 1775 633 1852 qui
650 1775 743 1852 magis
757 1776 794 1835 sit
809 1775 911 1836 se‘ruos
925 1795 961 1835 ex
975 1773 1128 1846 sente'ntia,

197 1867 304 1946 Ne'que
318 1871 395 1929 adeo
410 1869 480 1946 quoi
497 1868 579 1928 tuom
595 1871 757 1929 concredas
772 1868 866 1928 sssium
882 1869 972 1930 hodie
986 1867 1134 1929 audacius.

197 1963 245 2021 Ne
260 1982 391 2022 uereare:
414 1961 482 2022 meti
497 1961 607 2039 periclo
622 1983 676 2039 ego
692 1962 779 2023 huius
794 1962 925 2040 experiar
939 1963 1027 2022 fidem

197 2056 300 2117 Fretus
316 2057 435 2136 ingenio
450 2058 512 2117 etus
527 2058 609 2134 quod
625 2078 673 2117 me
687 2077 752 2118 esse
766 2058 820 2118 scit
836 2077 900 2118 sese
914 2077 982 2134 erga
997 2055 1177 2117 beniuolum.
1214 2074 1252 2114 ano

677 2193 771 2266 Hegio

197 2296 317 2355 Mittam
333 2294 472 2373 equidem
489 2296 586 2357 istunc
600 2295 798 2357 aistumatum
814 2296 895 2357 tuitm
910 2296 1007 2357 uicem
1023 2295 1047 2356 si
1062 2298 1113 2358 uis.

650 2431 802 2506 Tyndarvs

1141 2513 1221 2572 Volo

676 2592 756 2666 Hegi

196 2697 295 2773 Qua'm
312 2696 462 2758 citissumi
477 2707 582 2774 potest,
600 2708 658 2757 tam
675 2697 734 2756 hoc
749 2699 803 2757 tter
816 2708 872 2756 eat,

649 2831 799 2906 Tyndmvs

893 2912 1016 2971 Factum
1032 2913 1111 2973 uolo.

677 2994 770 3068 Hegio

196 3101 278 3158 Num
294 3118 372 3176 quae
387 3110 505 3159 causast
519 3100 599 3177 qum,
617 3097 641 3159 si
656 3098 704 3159 ille
719 3100 779 3158 huc
794 3118 854 3158 non
871 3097 979 3172 re'deat,
997 3099 1100 3178 uiginti
1115 3098 1211 3159 minas

196 3193 274 3253 Mthi
290 3193 344 3254 des
358 3210 413 3270 pro
428 3191 497 3252 illo?

650 3275 803 3350 Diodorus

521 3361 653 3458 Optuma
667 3378 768 3441 immo.

549 3513 644 3587 Hegio
658 3510 697 3590 (to
710 3513 758 3570 tlte
770 3511 899 3588 Lolarii)

794 3609 908 3670 soluite
922 3608 1010 3670 istum
1026 3610 1175 3684 nunciam,

195 3692 296 3784 Atque
311 3717 476 3782 utrumque.
