<?xml version="1.0" encoding="UTF-8"?>
<!DOCTYPE html PUBLIC "-//W3C//DTD XHTML 1.0 Transitional//EN"
    "http://www.w3.org/TR/xhtml1/DTD/xhtml1-transitional.dtd">
<html xmlns="http://www.w3.org/1999/xhtml" xml:lang="en" lang="en">
 <head>
  <title>
</title>
<meta http-equiv="Content-Type" content="text/html;charset=utf-8" />
  <meta name='ocr-system' content='tesseract 3.04.00' />
  <meta name='ocr-capabilities' content='ocr_page ocr_carea ocr_par ocr_line ocrx_word'/>
</head>
<body>
  <div class='ocr_page' id='page_1' title='image "./captiviplautus01plaugoog_0050.png"; bbox 0 0 2760 4144; ppageno 0'>
   <div class='ocr_carea' id='block_1_1' title="bbox 113 281 1166 354">
    <p class='ocr_par' dir='ltr' id='par_1_1' title="bbox 113 281 1166 354">
     <span class='ocr_line' id='line_1_1' title="bbox 113 281 1166 354; baseline 0.006 -16"><span class='ocrx_word' id='word_1_1' title='bbox 113 281 249 354; x_wconf 65' lang='lat' dir='ltr'><strong>Sennea]</strong></span> <span class='ocrx_word' id='word_1_2' title='bbox 474 283 619 338; x_wconf 82' lang='lat' dir='ltr'>PLAUTI</span> <span class='ocrx_word' id='word_1_3' title='bbox 646 284 808 340; x_wconf 86' lang='lat' dir='ltr'>CAPTIVI</span> <span class='ocrx_word' id='word_1_4' title='bbox 1136 307 1166 344; x_wconf 85' lang='lat'><strong>21</strong></span> 
     </span>
    </p>
   </div>
   <div class='ocr_carea' id='block_1_2' title="bbox 113 429 1171 790">
    <p class='ocr_par' dir='ltr' id='par_1_2' title="bbox 113 429 1171 790">
     <span class='ocr_line' id='line_1_2' title="bbox 113 429 1171 494; baseline 0.002 -2"><span class='ocrx_word' id='word_1_5' title='bbox 113 431 161 492; x_wconf 82' lang='grc' dir='ltr'><strong>Νέ</strong></span> <span class='ocrx_word' id='word_1_6' title='bbox 176 443 259 492; x_wconf 92' lang='lat' dir='ltr'><strong>tuom</strong></span> <span class='ocrx_word' id='word_1_7' title='bbox 274 430 408 492; x_wconf 90' lang='lat' dir='ltr'><strong>animum</strong></span> <span class='ocrx_word' id='word_1_8' title='bbox 422 429 585 492; x_wconf 71' lang='lat' dir='ltr'><strong>auariorem</strong></span> <span class='ocrx_word' id='word_1_9' title='bbox 601 430 692 491; x_wconf 71' lang='lat' dir='ltr'><strong>faxint</strong></span> <span class='ocrx_word' id='word_1_10' title='bbox 707 431 828 492; x_wconf 62' lang='lat' dir='ltr'><strong>diuitiae</strong></span> <span class='ocrx_word' id='word_1_11' title='bbox 842 452 940 494; x_wconf 89' lang='lat' dir='ltr'><strong>meae:</strong></span> <span class='ocrx_word' id='word_1_12' title='bbox 1133 453 1171 494; x_wconf 80' lang='lat' dir='ltr'><strong>uo</strong></span> 
     </span>
     <span class='ocr_line' id='line_1_3' title="bbox 114 522 968 605; baseline 0.002 -20"><span class='ocrx_word' id='word_1_13' title='bbox 114 525 163 586; x_wconf 77' lang='grc' dir='ltr'><strong>Νέ</strong></span> <span class='ocrx_word' id='word_1_14' title='bbox 178 525 251 604; x_wconf 87' lang='lat' dir='ltr'><strong>patri</strong></span> <span class='ocrx_word' id='word_1_15' title='bbox 267 525 384 585; x_wconf 88' lang='lat' dir='ltr'><strong>tametsi</strong></span> <span class='ocrx_word' id='word_1_16' title='bbox 400 524 505 584; x_wconf 81' lang='lat' dir='ltr'><strong>unicus</strong></span> <span class='ocrx_word' id='word_1_17' title='bbox 520 543 586 584; x_wconf 94' lang='lat' dir='ltr'><strong>sum</strong></span> <span class='ocrx_word' id='word_1_18' title='bbox 601 522 710 584; x_wconf 61' lang='lat' dir='ltr'><strong>dicore</strong></span> <span class='ocrx_word' id='word_1_19' title='bbox 724 525 860 586; x_wconf 82' lang='lat' dir='ltr'><strong>uideatur</strong></span> <span class='ocrx_word' id='word_1_20' title='bbox 875 526 968 605; x_wconf 85' lang='lat' dir='ltr'><strong>magis</strong></span> 
     </span>
     <span class='ocr_line' id='line_1_4' title="bbox 115 618 949 695; baseline 0.001 -16"><span class='ocrx_word' id='word_1_21' title='bbox 115 620 168 680; x_wconf 81' lang='grc' dir='ltr'><strong>Μέ</strong></span> <span class='ocrx_word' id='word_1_22' title='bbox 183 630 315 679; x_wconf 88' lang='lat' dir='ltr'><strong>saturum</strong></span> <span class='ocrx_word' id='word_1_23' title='bbox 330 619 439 678; x_wconf 84' lang='lat' dir='ltr'><strong>seruire</strong></span> <span class='ocrx_word' id='word_1_24' title='bbox 453 619 534 695; x_wconf 90' lang='lat' dir='ltr'><strong>apud</strong></span> <span class='ocrx_word' id='word_1_25' title='bbox 549 627 578 677; x_wconf 89' lang='lat' dir='ltr'><strong>te</strong></span> <span class='ocrx_word' id='word_1_26' title='bbox 593 623 713 694; x_wconf 82' lang='lat' dir='ltr'><strong>sumptu</strong></span> <span class='ocrx_word' id='word_1_27' title='bbox 729 628 759 678; x_wconf 89' lang='lat' dir='ltr'><strong>et</strong></span> <span class='ocrx_word' id='word_1_28' title='bbox 773 618 880 680; x_wconf 82' lang='lat' dir='ltr'><strong>uestitu</strong></span> <span class='ocrx_word' id='word_1_29' title='bbox 896 631 949 680; x_wconf 91' lang='lat' dir='ltr'><strong>tuo</strong></span> 
     </span>
     <span class='ocr_line' id='line_1_5' title="bbox 115 711 1157 790; baseline 0.003 -17"><span class='ocrx_word' id='word_1_30' title='bbox 115 712 218 774; x_wconf 81' lang='lat' dir='ltr'><strong>Potius</strong></span> <span class='ocrx_word' id='word_1_31' title='bbox 232 731 324 790; x_wconf 89' lang='lat' dir='ltr'><strong>quam</strong></span> <span class='ocrx_word' id='word_1_32' title='bbox 338 711 380 771; x_wconf 93' lang='lat' dir='ltr'><strong>illi</strong></span> <span class='ocrx_word' id='word_1_33' title='bbox 395 711 447 773; x_wconf 93' lang='lat' dir='ltr'><strong>ubi</strong></span> <span class='ocrx_word' id='word_1_34' title='bbox 462 713 596 772; x_wconf 86' lang='lat' dir='ltr'><strong>minume</strong></span> <span class='ocrx_word' id='word_1_35' title='bbox 611 714 798 774; x_wconf 89' lang='lat' dir='ltr'><strong>honestumst</strong></span> <span class='ocrx_word' id='word_1_36' title='bbox 813 712 1034 775; x_wconf 88' lang='lat' dir='ltr'><strong>me&#39;ndicantem</strong></span> <span class='ocrx_word' id='word_1_37' title='bbox 1049 717 1157 777; x_wconf 84' lang='lat' dir='ltr'><strong>uiuere.</strong></span> 
     </span>
    </p>
   </div>
   <div class='ocr_carea' id='block_1_3' title="bbox 113 876 1173 1643">
    <p class='ocr_par' dir='ltr' id='par_1_3' title="bbox 113 876 1173 1643">
     <span class='ocr_line' id='line_1_6' title="bbox 595 876 690 951; baseline 0 -17"><span class='ocrx_word' id='word_1_38' title='bbox 595 876 690 951; x_wconf 77' lang='lat' dir='ltr'><em>Hegio</em></span> 
     </span>
     <span class='ocr_line' id='line_1_7' title="bbox 114 983 1037 1078; baseline -0.001 -18"><span class='ocrx_word' id='word_1_39' title='bbox 114 983 180 1078; x_wconf 64' lang='lat' dir='ltr'><strong>ligo</strong></span> <span class='ocrx_word' id='word_1_40' title='bbox 195 999 304 1061; x_wconf 89' lang='lat' dir='ltr'><strong>uirtute</strong></span> <span class='ocrx_word' id='word_1_41' title='bbox 319 1001 410 1059; x_wconf 90' lang='lat' dir='ltr'><strong>deum</strong></span> <span class='ocrx_word' id='word_1_42' title='bbox 426 1001 455 1058; x_wconf 76' lang='grc' dir='ltr'><strong>έῑ</strong></span> <span class='ocrx_word' id='word_1_43' title='bbox 470 998 615 1058; x_wconf 90' lang='lat' dir='ltr'><strong>maiorum</strong></span> <span class='ocrx_word' id='word_1_44' title='bbox 630 997 764 1058; x_wconf 73' lang='lat' dir='ltr'><strong>nostrum</strong></span> <span class='ocrx_word' id='word_1_45' title='bbox 779 997 864 1060; x_wconf 90' lang='lat' dir='ltr'><strong>diues</strong></span> <span class='ocrx_word' id='word_1_46' title='bbox 879 1003 944 1059; x_wconf 82' lang='lat' dir='ltr'><strong>sum</strong></span> <span class='ocrx_word' id='word_1_47' title='bbox 959 1001 1037 1060; x_wconf 90' lang='lat' dir='ltr'><strong>satis.</strong></span> 
     </span>
     <span class='ocr_line' id='line_1_8' title="bbox 114 1091 1170 1172; baseline -0.002 -18"><span class='ocrx_word' id='word_1_48' title='bbox 114 1095 184 1155; x_wconf 75' lang='lat' dir='ltr'><strong>Non</strong></span> <span class='ocrx_word' id='word_1_49' title='bbox 200 1113 256 1172; x_wconf 85' lang='lat' dir='ltr'><strong>ego</strong></span> <span class='ocrx_word' id='word_1_50' title='bbox 271 1091 395 1154; x_wconf 76' lang='lat' dir='ltr'><strong>omnino</strong></span> <span class='ocrx_word' id='word_1_51' title='bbox 411 1094 525 1152; x_wconf 92' lang='lat' dir='ltr'><strong>lucrum</strong></span> <span class='ocrx_word' id='word_1_52' title='bbox 540 1111 630 1152; x_wconf 91' lang='lat' dir='ltr'><strong>omne</strong></span> <span class='ocrx_word' id='word_1_53' title='bbox 644 1111 709 1152; x_wconf 89' lang='lat' dir='ltr'><strong>esse</strong></span> <span class='ocrx_word' id='word_1_54' title='bbox 724 1091 795 1153; x_wconf 81' lang='lat' dir='ltr'><strong>utile</strong></span> <span class='ocrx_word' id='word_1_55' title='bbox 810 1093 924 1153; x_wconf 91' lang='lat' dir='ltr'><strong>homini</strong></span> <span class='ocrx_word' id='word_1_56' title='bbox 939 1096 1097 1154; x_wconf 72' lang='lat' dir='ltr'>existumo:</span> <span class='ocrx_word' id='word_1_57' title='bbox 1133 1111 1170 1152; x_wconf 80' lang='lat' dir='ltr'><strong>aaa</strong></span> 
     </span>
     <span class='ocr_line' id='line_1_9' title="bbox 114 1186 1060 1266; baseline -0.002 -16"><span class='ocrx_word' id='word_1_58' title='bbox 114 1191 182 1250; x_wconf 87' lang='lat' dir='ltr'><strong>Scio</strong></span> <span class='ocrx_word' id='word_1_59' title='bbox 197 1207 253 1266; x_wconf 87' lang='lat' dir='ltr'><strong>ego</strong></span> <span class='ocrx_word' id='word_1_60' title='bbox 268 1190 378 1248; x_wconf 88' lang='lat' dir='ltr'><strong>multos</strong></span> <span class='ocrx_word' id='word_1_61' title='bbox 393 1187 452 1247; x_wconf 68' lang='lat' dir='ltr'><strong>iam</strong></span> <span class='ocrx_word' id='word_1_62' title='bbox 467 1190 581 1248; x_wconf 87' lang='lat' dir='ltr'><strong>lucrum</strong></span> <span class='ocrx_word' id='word_1_63' title='bbox 596 1186 758 1262; x_wconf 57' lang='lat' dir='ltr'><strong>lutulontos</strong></span> <span class='ocrx_word' id='word_1_64' title='bbox 772 1188 909 1249; x_wconf 90' lang='lat' dir='ltr'><strong>homines</strong></span> <span class='ocrx_word' id='word_1_65' title='bbox 923 1188 1060 1250; x_wconf 64' lang='lat' dir='ltr'><strong>reddidit.</strong></span> 
     </span>
     <span class='ocr_line' id='line_1_10' title="bbox 113 1267 1141 1360; baseline 0.001 -17"><span class='ocrx_word' id='word_1_66' title='bbox 113 1267 168 1344; x_wconf 75' lang='lat' dir='ltr'><strong>Est</strong></span> <span class='ocrx_word' id='word_1_67' title='bbox 184 1283 272 1342; x_wconf 88' lang='lat' dir='ltr'><strong>etiam</strong></span> <span class='ocrx_word' id='word_1_68' title='bbox 287 1283 339 1342; x_wconf 92' lang='lat' dir='ltr'><strong>ubi</strong></span> <span class='ocrx_word' id='word_1_69' title='bbox 354 1281 487 1359; x_wconf 55' lang='lat' dir='ltr'><strong>proiecto</strong></span> <span class='ocrx_word' id='word_1_70' title='bbox 502 1284 645 1342; x_wconf 91' lang='lat' dir='ltr'><strong>damnum</strong></span> <span class='ocrx_word' id='word_1_71' title='bbox 660 1285 788 1360; x_wconf 60' lang='lat' dir='ltr'><strong>praestet</strong></span> <span class='ocrx_word' id='word_1_72' title='bbox 802 1284 898 1344; x_wconf 82' lang='lat' dir='ltr'><strong>iacere</strong></span> <span class='ocrx_word' id='word_1_73' title='bbox 912 1284 1002 1360; x_wconf 76' lang='lat' dir='ltr'><strong>quam</strong></span> <span class='ocrx_word' id='word_1_74' title='bbox 1018 1286 1141 1344; x_wconf 86' lang='lat' dir='ltr'><strong>lucrum.</strong></span> 
     </span>
     <span class='ocr_line' id='line_1_11' title="bbox 114 1358 992 1457; baseline 0 -20"><span class='ocrx_word' id='word_1_75' title='bbox 114 1358 175 1437; x_wconf 78' lang='lat' dir='ltr'><strong>Odi</strong></span> <span class='ocrx_word' id='word_1_76' title='bbox 190 1394 246 1454; x_wconf 90' lang='lat' dir='ltr'><strong>ego</strong></span> <span class='ocrx_word' id='word_1_77' title='bbox 260 1395 379 1436; x_wconf 88' lang='lat' dir='ltr'><strong>aurum:</strong></span> <span class='ocrx_word' id='word_1_78' title='bbox 401 1377 495 1436; x_wconf 83' lang='lat' dir='ltr'><strong>multa</strong></span> <span class='ocrx_word' id='word_1_79' title='bbox 509 1375 608 1436; x_wconf 92' lang='lat' dir='ltr'><strong>multis</strong></span> <span class='ocrx_word' id='word_1_80' title='bbox 623 1375 712 1454; x_wconf 64' lang='lat' dir='ltr'><strong>saipe</strong></span> <span class='ocrx_word' id='word_1_81' title='bbox 726 1376 818 1439; x_wconf 88' lang='lat' dir='ltr'><strong>suasit</strong></span> <span class='ocrx_word' id='word_1_82' title='bbox 831 1380 992 1457; x_wconf 72' lang='lat' dir='ltr'><strong>p6rperam.</strong></span> 
     </span>
     <span class='ocr_line' id='line_1_12' title="bbox 113 1470 1173 1550; baseline 0.001 -20"><span class='ocrx_word' id='word_1_83' title='bbox 113 1472 205 1531; x_wconf 80' lang='lat' dir='ltr'><strong>Nunc</strong></span> <span class='ocrx_word' id='word_1_84' title='bbox 220 1471 278 1530; x_wconf 91' lang='lat' dir='ltr'><strong>hoc</strong></span> <span class='ocrx_word' id='word_1_85' title='bbox 292 1471 427 1530; x_wconf 89' lang='lat' dir='ltr'><strong>animum</strong></span> <span class='ocrx_word' id='word_1_86' title='bbox 440 1470 573 1544; x_wconf 77' lang='lat' dir='ltr'><strong>aduorte,</strong></span> <span class='ocrx_word' id='word_1_87' title='bbox 589 1480 622 1530; x_wconf 92' lang='lat' dir='ltr'><strong>ut</strong></span> <span class='ocrx_word' id='word_1_88' title='bbox 637 1489 672 1530; x_wconf 91' lang='lat' dir='ltr'><strong>ea</strong></span> <span class='ocrx_word' id='word_1_89' title='bbox 686 1490 764 1548; x_wconf 88' lang='lat' dir='ltr'><strong>quae</strong></span> <span class='ocrx_word' id='word_1_90' title='bbox 778 1471 875 1532; x_wconf 86' lang='lat' dir='ltr'><strong>se&#39;ntio</strong></span> <span class='ocrx_word' id='word_1_91' title='bbox 889 1470 996 1550; x_wconf 63' lang='lat' dir='ltr'><strong>parit&amp;</strong></span> <span class='ocrx_word' id='word_1_92' title='bbox 1010 1471 1093 1532; x_wconf 89' lang='lat' dir='ltr'><strong>scias.</strong></span> <span class='ocrx_word' id='word_1_93' title='bbox 1168 1533 1173 1543; x_wconf 64' lang='grc'><strong><em>,</em></strong></span> 
     </span>
     <span class='ocr_line' id='line_1_13' title="bbox 114 1551 1170 1643; baseline -0.001 -19"><span class='ocrx_word' id='word_1_94' title='bbox 114 1564 205 1624; x_wconf 86' lang='lat' dir='ltr'><strong>Fssius</strong></span> <span class='ocrx_word' id='word_1_95' title='bbox 220 1583 304 1624; x_wconf 89' lang='lat' dir='ltr'><strong>meus</strong></span> <span class='ocrx_word' id='word_1_96' title='bbox 319 1563 378 1624; x_wconf 87' lang='lat' dir='ltr'><strong>sslic</strong></span> <span class='ocrx_word' id='word_1_97' title='bbox 392 1564 473 1641; x_wconf 92' lang='lat' dir='ltr'><strong>apud</strong></span> <span class='ocrx_word' id='word_1_98' title='bbox 487 1583 542 1625; x_wconf 92' lang='lat' dir='ltr'><strong>uos</strong></span> <span class='ocrx_word' id='word_1_99' title='bbox 557 1563 646 1624; x_wconf 87' lang='lat' dir='ltr'><strong>se&#39;ruit</strong></span> <span class='ocrx_word' id='word_1_100' title='bbox 660 1576 765 1643; x_wconf 92' lang='lat' dir='ltr'><strong>captus</strong></span> <span class='ocrx_word' id='word_1_101' title='bbox 779 1551 881 1626; x_wconf 74' lang='lat' dir='ltr'><strong>Alide:</strong></span> <span class='ocrx_word' id='word_1_102' title='bbox 1132 1582 1170 1623; x_wconf 79' lang='lat' dir='ltr'><strong>mo</strong></span> 
     </span>
    </p>
   </div>
   <div class='ocr_carea' id='block_1_4' title="bbox 113 1657 1053 1832">
    <p class='ocr_par' dir='ltr' id='par_1_4' title="bbox 113 1657 1053 1832">
     <span class='ocr_line' id='line_1_14' title="bbox 114 1657 1053 1735; baseline 0 -17"><span class='ocrx_word' id='word_1_103' title='bbox 114 1659 192 1718; x_wconf 79' lang='lat' dir='ltr'><strong>Eum</strong></span> <span class='ocrx_word' id='word_1_104' title='bbox 207 1657 232 1718; x_wconf 89' lang='lat' dir='ltr'><strong>si</strong></span> <span class='ocrx_word' id='word_1_105' title='bbox 246 1658 347 1718; x_wconf 88' lang='lat' dir='ltr'>reddis</span> <span class='ocrx_word' id='word_1_106' title='bbox 361 1657 443 1730; x_wconf 84' lang='lat' dir='ltr'><strong>mihi,</strong></span> <span class='ocrx_word' id='word_1_107' title='bbox 459 1669 609 1735; x_wconf 86' lang='lat' dir='ltr'><strong>praeterea</strong></span> <span class='ocrx_word' id='word_1_108' title='bbox 623 1660 739 1720; x_wconf 83' lang='lat' dir='ltr'><strong>millum</strong></span> <span class='ocrx_word' id='word_1_109' title='bbox 753 1679 911 1720; x_wconf 91' lang='lat' dir='ltr'><strong>nummum</strong></span> <span class='ocrx_word' id='word_1_110' title='bbox 926 1659 964 1720; x_wconf 82' lang='grc' dir='ltr'><strong>ηέ</strong></span> <span class='ocrx_word' id='word_1_111' title='bbox 978 1659 1053 1734; x_wconf 90' lang='lat' dir='ltr'><strong>duis,</strong></span> 
     </span>
     <span class='ocr_line' id='line_1_15' title="bbox 113 1735 1051 1832; baseline 0.002 -21"><span class='ocrx_word' id='word_1_112' title='bbox 113 1735 153 1812; x_wconf 74' lang='lat' dir='ltr'><strong>Et</strong></span> <span class='ocrx_word' id='word_1_113' title='bbox 167 1761 197 1812; x_wconf 92' lang='lat' dir='ltr'><strong>te</strong></span> <span class='ocrx_word' id='word_1_114' title='bbox 211 1763 241 1811; x_wconf 89' lang='lat' dir='ltr'><strong>et</strong></span> <span class='ocrx_word' id='word_1_115' title='bbox 256 1752 336 1812; x_wconf 90' lang='lat' dir='ltr'><strong>hunc</strong></span> <span class='ocrx_word' id='word_1_116' title='bbox 350 1753 484 1812; x_wconf 84' lang='lat' dir='ltr'><strong>amittam</strong></span> <span class='ocrx_word' id='word_1_117' title='bbox 500 1750 670 1813; x_wconf 87' lang='lat' dir='ltr'><strong>hinc-alio</strong></span> <span class='ocrx_word' id='word_1_118' title='bbox 684 1755 773 1832; x_wconf 77' lang='lat' dir='ltr'><strong>pacto</strong></span> <span class='ocrx_word' id='word_1_119' title='bbox 788 1753 869 1814; x_wconf 89' lang='lat' dir='ltr'><strong>abire</strong></span> <span class='ocrx_word' id='word_1_120' title='bbox 884 1754 945 1815; x_wconf 74' lang='lat' dir='ltr'><strong>non</strong></span> <span class='ocrx_word' id='word_1_121' title='bbox 959 1763 1051 1832; x_wconf 83' lang='lat' dir='ltr'><strong>potes</strong></span> 
     </span>
    </p>
   </div>
   <div class='ocr_carea' id='block_1_5' title="bbox 570 1916 723 1991">
    <p class='ocr_par' dir='ltr' id='par_1_5' title="bbox 570 1916 723 1991">
     <span class='ocr_line' id='line_1_16' title="bbox 570 1916 723 1991; baseline 0 -17"><span class='ocrx_word' id='word_1_122' title='bbox 570 1916 723 1991; x_wconf 59' lang='lat' dir='ltr'><strong>Boudoros</strong></span> 
     </span>
    </p>
   </div>
   <div class='ocr_carea' id='block_1_6' title="bbox 112 2021 1169 2305">
    <p class='ocr_par' dir='ltr' id='par_1_6' title="bbox 112 2021 1169 2305">
     <span class='ocr_line' id='line_1_17' title="bbox 113 2021 1169 2118; baseline -0.001 -18"><span class='ocrx_word' id='word_1_123' title='bbox 113 2021 279 2118; x_wconf 74' lang='lat' dir='ltr'><strong>Optumum</strong></span> <span class='ocrx_word' id='word_1_124' title='bbox 301 2051 391 2116; x_wconf 90' lang='lat' dir='ltr'><strong>atque</strong></span> <span class='ocrx_word' id='word_1_125' title='bbox 410 2039 633 2116; x_wconf 70' lang='lat' dir='ltr'><strong>aequissumum</strong></span> <span class='ocrx_word' id='word_1_126' title='bbox 654 2059 720 2100; x_wconf 91' lang='lat' dir='ltr'><strong>oras</strong></span> <span class='ocrx_word' id='word_1_127' title='bbox 740 2041 939 2118; x_wconf 74' lang='lat' dir='ltr'><strong>optumusque</strong></span> <span class='ocrx_word' id='word_1_128' title='bbox 960 2039 1116 2100; x_wconf 90' lang='lat' dir='ltr'><strong>hominum</strong></span> <span class='ocrx_word' id='word_1_129' title='bbox 1138 2038 1169 2100; x_wconf 91' lang='lat' dir='ltr'><strong>e&#39;s</strong></span> 
     </span>
     <span class='ocr_line' id='line_1_18' title="bbox 194 2135 381 2193; baseline -0.011 0"><span class='ocrx_word' id='word_1_130' title='bbox 194 2135 294 2193; x_wconf 79' lang='lat' dir='ltr'><strong>home.</strong></span> <span class='ocrx_word' id='word_1_131' title='bbox 379 2187 381 2191; x_wconf 89' lang='lat'><em>.</em></span> 
     </span>
     <span class='ocr_line' id='line_1_19' title="bbox 112 2225 959 2305; baseline -0.001 -17"><span class='ocrx_word' id='word_1_132' title='bbox 112 2226 172 2288; x_wconf 63' lang='lat' dir='ltr'><strong>sed</strong></span> <span class='ocrx_word' id='word_1_133' title='bbox 187 2227 211 2286; x_wconf 92' lang='lat' dir='ltr'><strong>is</strong></span> <span class='ocrx_word' id='word_1_134' title='bbox 226 2227 372 2305; x_wconf 84' lang='lat' dir='ltr'><strong>priuatam</strong></span> <span class='ocrx_word' id='word_1_135' title='bbox 387 2226 560 2287; x_wconf 61' lang='lat' dir='ltr'><strong>sfiruitutem</strong></span> <span class='ocrx_word' id='word_1_136' title='bbox 576 2227 666 2288; x_wconf 60' lang='lat' dir='ltr'><strong>siruit</strong></span> <span class='ocrx_word' id='word_1_137' title='bbox 680 2228 721 2287; x_wconf 94' lang='lat' dir='ltr'><strong>illi</strong></span> <span class='ocrx_word' id='word_1_138' title='bbox 735 2247 774 2287; x_wconf 91' lang='lat' dir='ltr'><strong>an</strong></span> <span class='ocrx_word' id='word_1_139' title='bbox 789 2225 959 2304; x_wconf 80' lang='lat' dir='ltr'><strong>publicam?</strong></span> 
     </span>
    </p>
   </div>
   <div class='ocr_carea' id='block_1_7' title="bbox 113 2391 688 2571">
    <p class='ocr_par' dir='ltr' id='par_1_7' title="bbox 113 2391 688 2571">
     <span class='ocr_line' id='line_1_20' title="bbox 594 2391 688 2466; baseline -0.011 -16"><span class='ocrx_word' id='word_1_140' title='bbox 594 2391 688 2466; x_wconf 81' lang='lat' dir='ltr'><em>Hegio</em></span> 
     </span>
     <span class='ocr_line' id='line_1_21' title="bbox 113 2508 568 2571; baseline -0.007 0"><span class='ocrx_word' id='word_1_141' title='bbox 113 2512 262 2571; x_wconf 82' lang='lat' dir='ltr'><strong>Priuatam</strong></span> <span class='ocrx_word' id='word_1_142' title='bbox 278 2508 387 2571; x_wconf 86' lang='lat' dir='ltr'><strong>medici</strong></span> <span class='ocrx_word' id='word_1_143' title='bbox 403 2508 568 2571; x_wconf 84' lang='lat' dir='ltr'><strong>Menarchi.</strong></span> 
     </span>
    </p>
   </div>
   <div class='ocr_carea' id='block_1_8' title="bbox 565 2667 720 2745">
    <p class='ocr_par' dir='ltr' id='par_1_8' title="bbox 565 2667 720 2745">
     <span class='ocr_line' id='line_1_22' title="bbox 565 2667 720 2745; baseline 0 -18"><span class='ocrx_word' id='word_1_144' title='bbox 565 2667 720 2745; x_wconf 52' lang='lat' dir='ltr'><strong>&amp;odoros</strong></span> 
     </span>
    </p>
   </div>
   <div class='ocr_carea' id='block_1_9' title="bbox 111 2791 1169 2966">
    <p class='ocr_par' dir='ltr' id='par_1_9' title="bbox 111 2791 1169 2966">
     <span class='ocr_line' id='line_1_23' title="bbox 591 2791 1169 2871; baseline 0 -19"><span class='ocrx_word' id='word_1_145' title='bbox 591 2794 645 2855; x_wconf 83' lang='grc' dir='ltr'><strong>ΡόΙ</strong></span> <span class='ocrx_word' id='word_1_146' title='bbox 660 2791 684 2852; x_wconf 89' lang='lat' dir='ltr'><strong>is</strong></span> <span class='ocrx_word' id='word_1_147' title='bbox 699 2791 821 2870; x_wconf 88' lang='lat' dir='ltr'><strong>quidem</strong></span> <span class='ocrx_word' id='word_1_148' title='bbox 836 2791 923 2853; x_wconf 92' lang='lat' dir='ltr'><strong>huius</strong></span> <span class='ocrx_word' id='word_1_149' title='bbox 938 2791 982 2853; x_wconf 59' lang='lat' dir='ltr'><strong>&amp;st</strong></span> <span class='ocrx_word' id='word_1_150' title='bbox 996 2795 1112 2871; x_wconf 64' lang='lat' dir='ltr'><strong>clueas:</strong></span> <span class='ocrx_word' id='word_1_151' title='bbox 1132 2812 1169 2852; x_wconf 77' lang='lat' dir='ltr'><strong>su</strong></span> 
     </span>
     <span class='ocr_line' id='line_1_24' title="bbox 111 2885 1158 2966; baseline 0 -18"><span class='ocrx_word' id='word_1_152' title='bbox 111 2888 189 2948; x_wconf 72' lang='lat' dir='ltr'><strong>Tam</strong></span> <span class='ocrx_word' id='word_1_153' title='bbox 204 2890 263 2948; x_wconf 93' lang='lat' dir='ltr'><strong>hoc</strong></span> <span class='ocrx_word' id='word_1_154' title='bbox 277 2887 399 2965; x_wconf 92' lang='lat' dir='ltr'><strong>quidem</strong></span> <span class='ocrx_word' id='word_1_155' title='bbox 414 2885 468 2948; x_wconf 85' lang='lat' dir='ltr'><strong>tibi</strong></span> <span class='ocrx_word' id='word_1_156' title='bbox 482 2888 514 2947; x_wconf 87' lang='lat' dir='ltr'><strong>in</strong></span> <span class='ocrx_word' id='word_1_157' title='bbox 528 2886 651 2965; x_wconf 88' lang='lat' dir='ltr'><strong>procliui</strong></span> <span class='ocrx_word' id='word_1_158' title='bbox 667 2906 757 2964; x_wconf 90' lang='lat' dir='ltr'><strong>quam</strong></span> <span class='ocrx_word' id='word_1_159' title='bbox 772 2885 868 2947; x_wconf 84' lang='lat' dir='ltr'><strong>imber</strong></span> <span class='ocrx_word' id='word_1_160' title='bbox 881 2897 925 2947; x_wconf 88' lang='lat' dir='ltr'><strong>est</strong></span> <span class='ocrx_word' id='word_1_161' title='bbox 939 2889 1062 2966; x_wconf 77' lang='lat' dir='ltr'><strong>quando</strong></span> <span class='ocrx_word' id='word_1_162' title='bbox 1074 2887 1158 2966; x_wconf 71' lang='lat' dir='ltr'><strong>pluit.</strong></span> 
     </span>
    </p>
   </div>
   <div class='ocr_carea' id='block_1_10' title="bbox 112 3051 688 3232">
    <p class='ocr_par' dir='ltr' id='par_1_10' title="bbox 112 3051 688 3232">
     <span class='ocr_line' id='line_1_25' title="bbox 593 3051 688 3127; baseline 0 -18"><span class='ocrx_word' id='word_1_163' title='bbox 593 3051 688 3127; x_wconf 80' lang='lat' dir='ltr'><em>Hegio</em></span> 
     </span>
     <span class='ocr_line' id='line_1_26' title="bbox 112 3166 549 3232; baseline -0.007 -1"><span class='ocrx_word' id='word_1_164' title='bbox 112 3170 173 3231; x_wconf 74' lang='lat' dir='ltr'><strong>Fac</strong></span> <span class='ocrx_word' id='word_1_165' title='bbox 188 3169 212 3230; x_wconf 90' lang='lat' dir='ltr'><strong>is</strong></span> <span class='ocrx_word' id='word_1_166' title='bbox 227 3170 320 3230; x_wconf 91' lang='lat' dir='ltr'><strong>homo</strong></span> <span class='ocrx_word' id='word_1_167' title='bbox 334 3178 367 3229; x_wconf 89' lang='lat' dir='ltr'><strong>ut</strong></span> <span class='ocrx_word' id='word_1_168' title='bbox 380 3166 549 3232; x_wconf 69' lang='lat' dir='ltr'><strong>redimatur.</strong></span> 
     </span>
    </p>
   </div>
   <div class='ocr_carea' id='block_1_11' title="bbox 568 3316 719 3393">
    <p class='ocr_par' dir='ltr' id='par_1_11' title="bbox 568 3316 719 3393">
     <span class='ocr_line' id='line_1_27' title="bbox 568 3316 719 3393; baseline 0.02 -20"><span class='ocrx_word' id='word_1_169' title='bbox 568 3316 719 3393; x_wconf 53' lang='lat' dir='ltr'><strong>&amp;odoros</strong></span> 
     </span>
    </p>
   </div>
   <div class='ocr_carea' id='block_1_12' title="bbox 578 3436 1076 3516">
    <p class='ocr_par' dir='ltr' id='par_1_12' title="bbox 578 3436 1076 3516">
     <span class='ocr_line' id='line_1_28' title="bbox 578 3436 1076 3516; baseline -0.004 -16"><span class='ocrx_word' id='word_1_170' title='bbox 578 3440 705 3512; x_wconf 85' lang='lat' dir='ltr'><strong>Faciam,</strong></span> <span class='ocrx_word' id='word_1_171' title='bbox 723 3438 776 3500; x_wconf 88' lang='lat' dir='ltr'><strong>se&#39;d</strong></span> <span class='ocrx_word' id='word_1_172' title='bbox 789 3439 842 3500; x_wconf 92' lang='lat' dir='ltr'><strong>ted</strong></span> <span class='ocrx_word' id='word_1_173' title='bbox 856 3456 918 3512; x_wconf 89' lang='lat' dir='ltr'><em>oro,</em></span> <span class='ocrx_word' id='word_1_174' title='bbox 935 3436 1076 3516; x_wconf 58' lang='lat' dir='ltr'><strong>Higio-</strong></span> 
     </span>
    </p>
   </div>
   <div class='ocr_carea' id='block_1_13' title="bbox 112 3599 801 3800">
    <p class='ocr_par' dir='ltr' id='par_1_13' title="bbox 112 3599 801 3800">
     <span class='ocr_line' id='line_1_29' title="bbox 594 3599 689 3673; baseline -0.011 -16"><span class='ocrx_word' id='word_1_175' title='bbox 594 3599 689 3673; x_wconf 84' lang='lat' dir='ltr'><em>Hegio</em></span> 
     </span>
     <span class='ocr_line' id='line_1_30' title="bbox 112 3721 801 3800; baseline -0.004 -17"><span class='ocrx_word' id='word_1_176' title='bbox 112 3721 251 3800; x_wconf 67' lang='lat' dir='ltr'><strong>Quidum,</strong></span> <span class='ocrx_word' id='word_1_177' title='bbox 268 3724 341 3784; x_wconf 90' lang='lat' dir='ltr'><strong>dum</strong></span> <span class='ocrx_word' id='word_1_178' title='bbox 355 3722 395 3784; x_wconf 89' lang='lat' dir='ltr'><strong>ab</strong></span> <span class='ocrx_word' id='word_1_179' title='bbox 410 3741 441 3782; x_wconf 86' lang='lat' dir='ltr'><strong>re</strong></span> <span class='ocrx_word' id='word_1_180' title='bbox 456 3721 494 3782; x_wconf 69' lang='lat' dir='ltr'><strong>ne}</strong></span> <span class='ocrx_word' id='word_1_181' title='bbox 509 3721 582 3798; x_wconf 91' lang='lat' dir='ltr'><strong>quid</strong></span> <span class='ocrx_word' id='word_1_182' title='bbox 597 3741 670 3794; x_wconf 87' lang='lat' dir='ltr'><strong>ores,</strong></span> <span class='ocrx_word' id='word_1_183' title='bbox 686 3721 801 3782; x_wconf 74' lang='lat' dir='ltr'><strong>faciam.</strong></span> 
     </span>
    </p>
   </div>
   <div class='ocr_carea' id='block_1_14' title="bbox 0 0 1384 4144">
    <p class='ocr_par' dir='ltr' id='par_1_14' title="bbox 0 0 1384 4144">
     <span class='ocr_line' id='line_1_31' title="bbox 0 0 1384 4144; baseline 0 0"><span class='ocrx_word' id='word_1_184' title='bbox 0 0 1384 4144; x_wconf 95' lang='lat' dir='ltr'><strong> </strong></span> 
     </span>
    </p>
   </div>
  </div>
 </body>
</html>
